2876 4572
280 351 387 458 'nso
530 337 1218 441 un'ns'cuocrvrcrs
1429 347 1434 436 l

221 513 225 524 ¹
310 522 517 596 conscendit
538 549 623 595 cum
639 526 759 617 paucis
775 525 864 613 suis3
886 526 919 600 Sc
943 528 995 600 ibi
1016 528 1063 598 ab
1089 523 1276 604 Achil-tate

310 630 485 725 Septimio
503 635 725 705 interficitur.
749 637 840 706 Item
858 638 897 708 L.
912 637 1087 738 Lentulus
1110 657 1274 729 compre·

223 754 291 838 105
310 742 480 814 stenditur
499 744 543 814 ab
556 769 651 842 rege,
668 745 757 816 scin
780 747 936 818 custodia
954 769 1113 820 necatur.
1133 731 1272 836 Caesen,

310 877 394 925 oum
414 851 451 922 in
474 851 590 924 Aliam
608 853 776 942 venisset,
801 855 1020 948 reperiebat,
1035 855 1079 924 T.
1095 854 1270 946 Ampium
1379 915 1381 920 ,

273 1037 275 1045 s
309 979 481 1036 conatum
508 964 574 1033 elle
601 966 726 1034 tollere
758 966 924 1058 pecunias
947 964 1085 1058 Epheso
1114 987 1159 1035 ex
1185 963 1271 1033 fano

163 1078 167 1086 ’
266 1091 274 1103 ·
308 1066 467 1156 Dianae,
500 1071 648 1162 eiusque
676 1071 726 1141 rei
755 1072 855 1144 causa
882 1065 1055 1142 senatores
1078 1093 1202 1152 omnes
1224 1093 1271 1140 ex

309 1180 491 1276 provincia
513 1180 688 1264 evocasse,
710 1197 751 1252 ut
770 1182 813 1251 iis
828 1181 971 1252 testibus
992 1181 1031 1252 in
1051 1180 1271 1270 summepe-

310 1291 629 1377 tuniaeuteretu13
649 1292 709 1363 led
727 1292 993 1386 interpellatum
1007 1291 1167 1360 adventu
1185 1287 1271 1356 Cae·

215 1420 221 1434 ‘
308 1400 387 1472 {sris
414 1402 612 1498 profugilse.
658 1401 711 1473 Ita
742 1402 887 1473 duobus
907 1401 1133 1496 temporibus
1152 1397 1270 1492 Ephe·

160 1539 169 1560 ·
308 1511 376 1584 stae
400 1513 573 1612 pecuniae
595 1511 717 1582 Caesar
739 1512 922 1584 auxilium
937 1511 1029 1582 tulit.
1061 1509 1152 1580 Item
1179 1530 1270 1578 cort·

307 1621 436 1709 stabat,
462 1623 565 1692 Elide
586 1621 784 1716 intemplo
803 1623 1009 1710 Minervae,
1037 1620 1194 1715 repetitis
1216 1633 1267 1688 at·
1354 1691 1356 1694 .

282 1751 292 1760 ··
306 1756 381 1825 que
402 1725 614 1803 enumeratis
639 1731 791 1821 diebus,
817 1756 893 1826 quo
922 1732 980 1802 die
1007 1730 1186 1826 proelium
1213 1728 1267 1797 se⁴

205 1891 209 1899 ι
235 1811 251 1840 ⁸
307 1841 468 1913 cundum
494 1841 623 1912 fecisset
646 1843 790 1928 Caesar,
810 1844 1037 1913 simulacrum
1063 1825 1269 1925 Visloriae3

307 1950 410 2043 quod
428 1968 511 2020 ante
533 1951 643 2044 ipsam
663 1953 862 2024 Minervam
885 1954 1100 2024 collocatum
1119 1964 1214 2037 erat,
1231 1948 1266 2022 lc

188 2157 191 2162 Ι
305 2074 389 2142 ante
406 2061 453 2130 ad
474 2061 696 2134 fimulacrum
714 2062 896 2154 Minervae
917 2060 1176 2159 spedlabat,ad
1191 2063 1267 2134 val·

306 2189 366 2238 vas
389 2168 422 2237 se
443 2171 569 2262 templi
591 2172 779 2264 limenque
799 2173 1013 2246 convertisse.
1050 2171 1267 2264 Eodemque

307 2273 368 2344 die
391 2275 602 2348 Autiothiae
625 2281 662 2349 in
682 2281 781 2374 Syria
802 2283 856 2352 bis
872 2301 990 2354 tantus
1005 2273 1180 2354 exercitus
1198 2282 1266 2350 cla·

305 2408 387 2455 mor
404 2385 628 2484 &fignorum
640 2391 750 2476 *sonus
767 2391 954 2462 exauditus
973 2391 1042 2478 esl,>
1063 2407 1104 2462 ut
1120 2390 1158 2460 in
1181 2413 1266 2460 mu⁴

305 2496 355 2568 ris
372 2515 503 2566 armata
521 2499 642 2569 civitas
661 2499 881 2570 discurreret.
919 2499 1002 2571 Hoc
1022 2499 1118 2570 idem
1141 2499 1263 2572 Ptole-
1336 2532 1344 2536 -

288 2603 424 2676 'maide
451 2599 588 2678 accidit.
617 2609 779 2705 Pergami
804 2610 842 2678 iu
864 2610 1011 2681 occultis
1034 2632 1074 2680 ac
1097 2609 1264 2680 recondi-

204 2751 220 2768 ··
303 2715 349 2786 tis
365 2717 512 2812 templi,
540 2743 616 2810 quo
635 2735 773 2812 praeter
789 2720 981 2792 sacerdotes
1002 2721 1098 2792 adire
1118 2721 1165 2792 fas
1183 2745 1261 2792 non
1357 2743 1359 2753 ·

305 2827 377 2914 est,
402 2853 494 2920 quae
525 2825 648 2900 Grae'ci
668 2832 767 2898 ἄδυτα
790 2833 990 2924 appellant,
1011 2829 1265 2927 tympana-so·
1316 2826 1322 2838 '

214 2987 217 2994 .
303 2957 472 3030 nuerunt.
502 2939 594 3010 Item
617 2940 796 3012 Trallibus
825 2943 1031 3034 intemplo
1055 2939 1263 3032 Visloriae,

303 3049 371 3120 ubi
401 3049 549 3123 Caesaris
569 3051 716 3122 statuam
739 3051 1041 3140 consecraverant,
1062 3057 1180 3147 palma
1197 3079 1261 3147 pet

212 3207 218 3214 -
306 3183 366 3228 eos
393 3157 529 3229 diesin
554 3155 649 3230 teilo
673 3161 767 3231 inter
788 3179 998 3258 coagmenta
1022 3143 1186 3255 laisidum
1213 3187 1261 3235 ex

209 3281 286 3356 '106
304 3271 514 3364 pavimento
537 3269 697 3341 exslitille
719 3272 981 3344 ostendebatur.
1013 3273 1151 3357 Caesar,
1169 3297 1261 3365 peu·

214 3461 218 3468 ¹
304 3403 365 3455 cos
393 3377 466 3448 dies
489 3378 528 3448 in
554 3376 631 3451 nna
652 3397 839 3468 moratus,
867 3405 950 3452 cum
979 3378 1125 3451 audisset
1148 3379 1261 3448 Pom-

302 3492 428 3589 peium
450 3491 561 3588 Cypri
582 3491 719 3581 visum,
743 3485 960 3581 comedens,
988 3517 1070 3562 eum
1092 3492 1130 3560 in
1147 3488 1266 3589 Aegy·'

301 3621 410 3700 ptum
434 3605 500 3674 iter
523 3605 667 3691 habere,
693 3620 839 3702 propter
866 3601 1132 3676 necessitudines
1158 3604 1258 3701 regni
1292 3679 1295 3686 ,

301 3714 527 3807 reliquasque
552 3711 625 3783 eius
644 3715 720 3783 loci
749 3711 1060 3807 opportunitates,
1096 3737 1181 3784 curn
1206 3715 1257 3782 le·

257 3837 280 3852 ”
297 3825 487 3925 &ffifflbuss
501 3845 585 3896 ‘una
598 3873 611 3916 ,
626 3847 737 3918 quam
757 3845 803 3898 ex
815 3818 1049 3896 rheumate
1067 3821 1170 3916 sequi
1185 3819 1259 3894 ius·
1296 3882 1300 3890 ·
1348 3927 1352 3932 .
