2852 4578
357 396 360 399 ·
443 381 867 463 1111111110.
1063 405 1132 490 293

180 547 356 621 ditoribus
380 549 417 622 in
450 551 612 645 utrisque
636 551 804 624 cornibus
829 547 1018 645 disposrtis,
1044 551 1135 622 leri·-

180 661 454 751 quearmatur-a'
468 662 559 732 inter
585 663 722 754 equites
745 660 942 748 interiesla,
975 658 1047 753 ipse
1070 661 1139 755 'pe-

147 773 148 778 '
179 768 287 839 dibus
301 769 432 840 circum
446 771 572 841 milites
587 769 816 857 coneursans,
835 769 1058 862 virtutesque
1071 793 1144 844 vera

177 893 385 950 terauorum
400 881 607 974 proeliaque
624 881 800 974 superiora
822 902 1134 969 commemorans,

176 987 386 1084 blandeque
403 992 609 1084 appellans,
634 992 769 1064 animos
789 1016 915 1063 eorum
944 992 1131 1063 excitabat.
1194 998 1199 1002 '

125 1115 130 1130 '
174 1098 331 1182 Tirones
352 1119 499 1190 autem,
526 1100 590 1195 qui
604 1125 793 1196 nunquam
811 1102 852 1173 in
874 1103 946 1173 acie
967 1101 1132 1172 dimicas«

174 1211 279 1300 sent,
302 1213 524 1300 hortabatur,
556 1232 594 1284 ut
613 1233 834 1292 veteranorum
849 1219 1002 1289 virtutem
1022 1223 1132 1297 oemu-

175 1324 348 1397 lurentur,
373 1335 538 1421 eorumque
547 1323 705 1423 somam,
731 1351 866 1402 nomen,
888 1328 1067 1425 locumque,
1084 1330 1133 1400 vi·

165 1435 283 1504 ‘t‘iorio
299 1451 421 1531 parto.
448 1451 598 1531 cuperent
605 1433 763 1531 prffldere.
784 1433 912 1526 ltaque
928 1436 966 1505 in
980 1437 1130 1508 circum·
1144 1434 1189 1516 82

174 1545 302 1616 eundo
325 1545 523 1617 exercitum
539 1543 809 1634 animadvertit,
823 1543 937 1618 hostes
955 1549 1044 1620 circa
1058 1551 1131 1620 val·
1165 1607 1166 1610 ,
1190 1591 1192 1597 s

174 1655 258 1736 lum
283 1649 480 1751 trepidare,
518 1674 627 1751 atque
641 1658 758 1728 fultro
792 1657 954 1750 citroque
982 1641 1131 1752 pavidos
1246 1639 1274 1690 '⁸

173 1767 403 1854 concursare,
417 1767 449 1840 8c
461 1767 573 1839 modo
585 1761 619 1842 se
634 1769 724 1838 intra
734 1783 852 1862 portas
863 1770 1036 1862 recipere,
1051 1793 1131 1841 mo·
1206 1836 1208 1847 ,

172 1875 226 1947 do
253 1876 490 1948 inconstanter
512 1865 825 1970 immoderateque
834 1880 989 1972 prodire.
1016 1881 1131 1952 Cum·

163 2007 252 2078 ‘que
275 1982 373 2055 idern
402 2012 422 2056 a
447 1986 612 2078 pluribus
634 1986 867 2058 animadverti
886 2003 1057 2082 coeptum
1081 1989 1130 2061 es-

165 2093 251 2198 'sett
285 2094 405 2165 subito
431 2095 535 2191 legati
560 2093 771 2186 evocatique
802 2093 981 2167 obsecrare
1012 2097 1129 2168 Caesa·

172 2225 275 2290 rem,
303 2228 343 2274 ne
360 2203 522 2272 dubitaret
558 2229 669 2296 {gnum
689 2204 781 2274 dore:
801 2209 966 2276 vitiorium
971 2209 1042 2303 fili
1051 2206 1130 2307 pros-

166 2313 327 2412 priamo
355 2309 435 2381 Diis
465 2313 696 2383 immortalibus
725 2317 883 2411 portendi.
927 2307 1128 2415 Dubitanti}

165 2418 340 2507 Caesare,
358 2435 468 2512 atque
484 2443 608 2490 eorum
633 2421 751 2493 studio
769 2423 1028 2518 cupiditatique
1047 2427 1129 2498 resr-

170 2529 307 2616 slente,
331 2528 492 2622 sibique,
511 2529 700 2622 eruptione
714 2530 881 2629 pugnari,
900 2555 974 2602 nou
989 2535 1127 2626 placere
1153 2551 1159 2566 ¹

167 2640 396 2728 clamitante,
409 2622 679 2733 suetiamirtque
694 2641 799 2712 etiam
813 2641 924 2712 aciem
938 2641 1126 2717 sustentata·

71 2783 73 2788 ’
168 2773 228 2842 te,
240 2752 359 2823 subito
373 2753 500 2822 dextro
514 2772 648 2838 cornu,
662 2750 790 2823 iniussu
802 2750 962 2837 Caesaris,
977 2751 1126 2823 tubicen

45 2845 50 2855 ⁴
166 2891 191 2938 a
210 2862 383 2935 militibus
402 2857 541 2935 coaiius
557 2885 681 2931 canere
693 2863 822 2955 coepit
845 2864 933 2968 Quo
947 2859 1058 2950 ladio,
1079 2861 1126 2933 ab

166 2972 339 3054 universis
358 2971 563 3042 cohortibus
584 2972 678 3068 figna
699 2973 736 3042 in
750 2973 884 3042 bollein
904 2996 1055 3067 coepere
1072 2976 1126 3044 in·

167 3081 383 3170 sestiacum
408 3080 632 3152 centuriones
652 3078 797 3176 pesiore
822 3083 967 3154 adverso
994 3083 1125 3154 resrste-

165 3207 274 3277 rent,
302 3189 413 3281 vique
435 3187 659 3260 continerent
680 3190 831 3277 milit-es,
851 3215 898 3261 ne
918 3191 1044 3264 iniussu
1058 3192 1125 3263 im·

159 3297 340 3396 ‘peratoris
364 3315 631 3382 concurrerent,
658 3321 723 3368 nec
749 3299 949 3392 quidquam
975 3301 1125 3394 profice·
1152 3341 1157 3346 ·

139 3471 142 3475 .
163 3425 262 3486 rent.
282 3407 395 3512 Quod
408 3407 594 3501 postquam
612 3407 732 3479 Caesar
753 3410 947 3498 intellexit,
970 3409 1122 3482 incitatis
1136 3413 1180 3512 83

163 3519 331 3594 militum
353 3519 477 3587 animis
500 3517 603 3588 restsli
627 3517 858 3590 nullomodo
883 3518 998 3611 polle,
1024 3521 1121 3614 srgno

164 3627 354 3704 Felicitatis
375 3629 479 3716 datu,
507 3653 603 3720 equo
623 3621 789 3715 admisso,
814 3629 853 3698 in
877 3629 1012 3698 hostem
1034 3649 1122 3696 con·-
1146 3674 1148 3678 ψ

162 3756 224 3810 tra
237 3735 411 3828 principes
424 3737 472 3807 ire
489 3733 686 3807 contendit.
704 3733 737 3805 A
755 3737 882 3806 dextro
896 3735 1037 3806 interim
1051 3759 1124 3806 cor·
1199 3755 1202 3767 ¹
1315 3745 1319 3756 '

157 3867 222 3918 1111
244 3843 444 3918 funditores
469 3844 702 3947 sagittariique
730 3845 886 4014 concitas
894 3845 963 3915 tela
978 3843 1121 3916 tneo

850 4014 853 4024 .
909 3965 932 4040 3Ι

1107 4099 1115 4130 Ι
