2828 4584
364 354 875 436 nnnnnnnrn
1030 328 1159 478 ab*

166 531 337 598 Orationes
349 530 467 613 aliquas
485 529 625 613 reliquit,
638 528 720 590 inter
735 545 812 610 quas
822 543 938 592 temere
949 528 1103 610 quaedam

119 627 284 700 feruntut3
305 639 340 688 ut
357 645 409 705 pro
427 625 465 704 Q.
480 624 609 696 Metello,
634 641 725 704 quant
745 639 809 684 non
825 620 978 684 immerito
994 623 1102 705 Augu·

120 719 183 784 sius
199 717 347 780 existimat
366 715 459 798 magis
476 714 515 776 ab
531 711 672 776 actuariis
690 725 866 793 exceptam,
901 711 979 774 male
999 711 1102 776 subse-

120 812 287 894 quentibus
305 807 399 872 verba
418 806 566 884 dicentis,
594 823 686 888 quam
700 805 738 868 ab
755 802 821 886 ipso
837 803 946 868 editam
962 825 969 868 :
988 809 1102 872 namin

6 909 8 920 ’
122 904 303 990 quibusdam
324 903 545 986 exemplaribus
573 901 702 964 invenio
725 918 765 976 ne
785 899 958 988 inscriptam
977 898 1101 986 quidena
1162 883 1165 908 ¹

119 1018 171 1080 pro
187 996 311 1069 Metello,
329 993 379 1056 sed
391 1040 401 1071 ,
414 1016 492 1076 quam
499 992 605 1076 feripstt
616 995 740 1066 Metalla,
754 1012 824 1056 cum
836 1011 874 1056 ex
885 995 1012 1077 persona
1022 984 1102 1060 Cae'·

125 1089 199 1152 saris
219 1089 319 1150 sermo
338 1087 395 1164 sat,
414 1086 598 1163 Metellum,
620 1085 713 1168 seque
728 1086 874 1152 adversus
891 1083 1102 1154 communiuit

29 1181 33 1196 ’
126 1181 371 1247 obtreiiatotnnt
385 1179 615 1244 criminationes
623 1181 791 1262 purgantis.
800 1177 893 1264 Apud
903 1179 1013 1244 milites
1023 1202 1102 1264 quo·

127 1295 190 1360 que
209 1276 239 1338 in
257 1274 403 1359 Hispania
420 1275 500 1364 idern
516 1272 669 1358 Augustus
681 1273 854 1341 orationem
866 1273 924 1336 effe
941 1276 994 1338 vix
1008 1275 1101 1358 ipsius
1122 1339 1123 1344 ,

126 1385 234 1456 putat:
255 1385 446 1452 quaetamen
466 1367 578 1450 duplex
595 1365 711 1442 settur;
742 1387 813 1442 una,
825 1367 908 1450 quast
925 1370 1027 1452 priore
1043 1369 1102 1432 ha·
1233 1369 1237 1378 '

128 1465 195 1528 bita
214 1464 353 1549 proeli03
379 1463 493 1539 altera,
509 1461 699 1547 posteriorc,
721 1481 785 1543 quo
804 1461 926 1526 Asinius
943 1461 1042 1526 Pollio
1061 1482 1100 1525 ne

127 1575 250 1642 tempus
271 1557 396 1640 quidem
414 1553 619 1621 concionandi
638 1555 775 1618 habuisse
794 1573 865 1619 eunt
887 1557 980 1634 dicit,
1000 1555 1100 1636 subita

128 1650 263 1716 bostium
283 1650 465 1714 incursione.
489 1649 697 1714 Bastitania
709 1648 781 1732 caefi
793 1673 817 1714 c.
829 1675 875 1730 55·
915 1643 924 1652 ⁴

378 1811 382 1822 ·
451 1789 502 1850 Ex
513 1790 588 1852 libris
599 1791 627 1852 in
643 1791 777 1856 Catonem.
898 1862 900 1868 ,

174 1905 358 1991 Reliquit&
380 1907 419 1970 de
440 1907 592 1991 Analogia
611 1909 689 1971 duos
710 1909 825 2005 librosx,
844 1910 1097 1984 &Anticatones

131 2001 273 2064 totidem.
291 2006 366 2074 Suet.
379 2001 409 2060 ia
421 1997 496 2082 Caes.
510 2023 535 2062 e.
544 2008 593 2076 56.
814 2008 823 2030 *

520 2138 571 2200 Ex
589 2126 655 2198 libro
672 2138 700 2202 1.

178 2259 291 2325 Caesar
305 2262 337 2324 in
354 2261 544 2326 Anticatone
564 2262 687 2346 priore:
715 2263 781 2324 Uno
800 2262 866 2324 enim
884 2281 1010 2344 excepto,
1023 2217 1097 2346 quera

128 2355 291 2430 aliusmodi,
310 2374 387 2438 atquc
405 2355 508 2430 omnis,
527 2371 624 2416 natata
635 2355 737 2432 finxit,
753 2353 821 2436 ficos
836 2355 944 2440 quisque
963 2355 1040 2424 iaia
1051 2375 1097 2419 aa·

123 2472 184 2522 m·
201 2450 360 2533 Priscianus
371 2451 419 2515 ui.
434 2450 484 2513 Vi.
498 2447 580 2511 elib.
594 2449 661 2510 1²11.
680 2449 708 2509 ti·
726 2435 867 2512 ianm.

477 2598 579 2661 lacerta
598 2615 632 2656 tx
646 2593 747 2655 iisdem.

83 2745 85 2752 ’
169 2718 261 2782 Erant
278 2717 378 2782 officia
397 2715 590 2791 antelucana,
614 2715 646 2776 in
662 2729 741 2794 quae
759 2709 894 2774 incidere
914 2707 1036 2787 impune
1055 2725 1095 2769 ne

128 2810 243 2876 Catoni
262 2812 385 2896 quidem
400 2811 489 2874 licuit
499 2832 510 2886 ;
529 2826 620 2891 quem
637 2821 740 2868 tamen
756 2797 793 2866 C.
806 2799 917 2866 Caesar
932 2804 975 2865 ita
992 2819 1096 2892 tepte5
1171 2799 1174 2804 '

123 2904 251 2980 itendit,
276 2921 311 2968 ut
328 2905 444 2968 laudet.
478 2901 633 2970 Describit
651 2901 732 2960 eitim
755 2912 831 2968 eos,
848 2894 959 2976 quibus
981 2893 1096 2954 obvius

128 2999 243 3075 suerit,
265 3020 335 3063 curn
360 3015 453 3082 caput
474 2998 551 3062 ebrii
576 2989 766 3068 retexitient,
791 2987 965 3064 erubuiffe3
985 2985 1094 3048 deinde

130 3089 255 3162 adiicit:
275 3096 389 3156 Putares
403 3115 457 3157 aon
472 3094 507 3154 ab
525 3092 579 3153 illis
597 3089 719 3152 Catonem
728 3131 740 3160 ,
754 3083 805 3166 sed
821 3083 881 3145 iilos
898 3107 915 3144 a
933 3082 1027 3143 Catone
1045 3081 1094 3142 de-

126 3190 277 3273 prehensos.
295 3187 439 3252 Potuitne
454 3183 726 3271 plueransiotitatis
742 3179 835 3244 tribui
852 3175 980 3252 Catoni,
1001 3193 1093 3258 quatn

120 3282 152 3346 {i
168 3283 270 3346 ebrius
286 3297 348 3342 tatn
366 3277 549 3341 venerabilis
566 3275 651 3338 etati
676 3271 805 3336 Nostrae
822 3287 923 3332 tamen
934 3283 1049 3330 coenae
1060 3279 1096 3328 ut

63 3427 72 3438 ·
128 3395 293 3462 apparatus
312 3377 343 3438 δι
360 3371 524 3458 impendii,
540 3369 580 3435 fic
595 3369 741 3452 temporis
756 3365 864 3430 modus
882 3362 1011 3427 constet.
1030 3362 1096 3425 Ne·

127 3489 190 3553 qne
204 3471 285 3548 [enirn
301 3469 321 3531 ii
336 3467 459 3540 sumus,
488 3481 566 3547 quos
586 3465 762 3544 vituperare
784 3476 822 3521 ne
839 3457 952 3521 inimici
971 3455 1095 3538 quidem

126 3559 268 3650 possunt,
284 3561 338 3624 nist
353 3569 388 3625 ut
402 3555 489 3622 simul
502 3557 636 3619 laudent.
661 3557 709 3622 Ex
719 3553 791 3614 Plin
803 3551 848 3613 aa.
859 3551 915 3612 ΙΙΙ.
929 3549 1012 3632 Epss.
1027 3569 1083 3611 tt.-

168 3655 207 3720 C.
217 3656 308 3724 etiam
317 3651 443 3728 Caesar,
461 3652 565 3734 gravis
577 3649 686 3712 aanor
694 3647 816 3730 linguae
827 3645 970 3720 Latinae,
985 3644 1017 3704 in
1029 3638 1096 3704 An·

126 3749 284 3838 ticatone:
317 3747 409 3844 Vnius
419 3791 430 3820 ,
451 3744 568 3826 inquit,
585 3741 749 3825 arrogantiae
758 3785 770 3814 ‚
783 3738 988 3836 superbiaeque,
1007 3730 1095 3796 domi·

124 3859 246 3925 nataque.
269 3841 321 3902 Ex
337 3841 376 3905 A.
390 3839 461 3904 Geli.
477 3839 521 3900 iii.
534 3836 589 3900 W.
606 3855 629 3900 c.
643 3843 684 3899 16.
