2876 4572
321 321 466 466 ets¹
574 343 1001 451 'oruntio
1095 386 1128 472 7

323 541 398 614 bet.
422 539 570 614 Interim
596 541 814 616 munitiones
838 541 1005 636 quotidie
1028 537 1195 636 operibus
1212 551 1278 614 au'·

323 671 472 757 gentur,
504 669 615 746 atque
640 675 765 724 omnes
785 652 912 750 oppidi
939 670 1077 755 partes,
1096 679 1189 747 quae
1207 655 1277 724 mi-

322 789 388 834 nus
411 764 532 834 firmae
558 749 627 834 elle
641 761 877 847 videremur,-
907 745 1145 833 testudinibus
1166 779 1278 855 atque

322 869 488 945 musculis
514 885 700 964 aptantur:
722 893 767 939 ex
783 869 948 941 aedificiis
971 869 1091 944 autem
1107 895 1172 965 per
1184 871 1279 942 fora

322 983 418 1056 mina
439 983 476 1053 in
502 982 664 1074 proxima
685 979 843 1051 aedilicia
867 983 989 1054 arietes
1010 982 1278 1072 immittuntur,

322 1108 576 1218 quantumque
596 1104 659 1160 aut
679 1088 791 1160 ruinis
817 1087 1005 1178 deficitur,
1033 1108 1097 1165 out
1119 1115 1185 1186 per
1200 1092 1293 1170 vim.
1378 1153 1381 1160 .

322 1199 491 1292 recipitur
521 1201 613 1289 loci,
653 1201 695 1278 itt
716 1215 858 1275 tantum
901 1201 1121 1273 munitiones
1152 1201 1275 1296 profess

321 1326 458 1385 suntor.
482 1311 578 1382 Nam
596 1309 764 1390 incendio
786 1309 858 1388 fere
878 1327 955 1387 tuta
973 1311 1021 1382 est
1040 1309 1284 1402 Alexandria,

322 1417 427 1510 quod
452 1418 523 1486 fine
535 1415 816 1516 contignatione
844 1439 885 1487 ac
906 1417 1051 1488 materia
1075 1418 1158 1490 sunt
1177 1409 1278 1491 aedi

322 1530 420 1616 licia,
439 1529 471 1602 dc
489 1514 664 1599 sttudluris
689 1545 800 1620 atque
816 1511 1011 1600 fornicibus
1025 1530 1278 1620 continentur,

319 1631 485 1728 sellaque
505 1635 596 1705 lunt
622 1635 768 1722 rudere,
807 1650 870 1705 aut
895 1636 1117 1729 pavimentis.
1155 1636 1285 1708 Caelak.

236 1771 251 1790 ¹
319 1745 475 1816 maxime
496 1729 678 1830 studebat,
704 1759 767 1830 ut,
791 1760 900 1836 quarn
916 1743 1185 1839 angustissimam
1203 1765 1280 1844 par·

193 1867 198 1878 '
317 1875 394 1924 tem
421 1851 546 1948 oppidi
567 1855 666 1974 palus
683 1851 867 1922 ameridie
882 1847 1061 1924 interiedla
1078 1853 1276 1942 efficiebatj

317 1958 411 2032 banc
428 1961 644 2069 operibus
610 1961 797 2053 vineisque
818 1961 961 2058 agendis
975 1961 1021 2032 ab
1041 1957 1178 2070 'reliqua
1195 1983 1276 2054 pat·

318 2084 356 2140 te
378 2059 487 2143 urbis
504 2069 727 2142 excluderet:
759 2065 849 2139 illud
884 2063 1059 2164 spellam,
1087 2071 1277 2164 primum,

317 2179 656 2266 ut,cumellet1n
679 2181 769 2251 duas
787 2196 902 2304 partes
928 2181 1012 2252 urbs
1035 2179 1163 2267 divisa,
1184 2181 1274 2255 acies

312 2311 397 2362 uno
412 2289 557 2360 consilio
579 2305 690 2381 atque
704 2291 857 2382 imperio
873 2289 1187 2376 administraretur3
1210 2290 1275 2373 de-
1303 2321 1313 2342 ·

310 2397 426 2484 inde,
452 2415 493 2467 ut
509 2397 752 2468 laborantibus
770 2398 949 2486 succurri,
976 2415 1085 2491 atque
1105 2421 1150 2469 ex
1163 2400 1274 2470 altera
1313 2395 1316 2400 ’

311 2505 447 2602 'oppidi
468 2499 572 2599 parte
592 2503 764 2584 auxilium
782 2503 862 2574 ferri
882 2501 991 2600 pollet
998 2529 1008 2596 ς
1027 2505 1063 2588 in
1078 2503 1198 2598 primis
1210 2529 1271 2576 ve-

308 2638 380 2706 ro,
404 2634 553 2704 utaque
570 2609 781 2704 pabuloque
805 2611 1022 2689 abundaret:
1049 2605 1203 2706 qua'ruui
1223 2611 1272 2682 al·

310 2723 426 2814 ⁰tetius
444 2723 495 2792 tei
511 2722 650 2814 copiam
666 2723 852 2817 exiguam,
876 2713 1018 2794 alterius
1029 2719 1176 2794 'nullam
1190 2711 1271 2794 bm-

313 2831 630 2905 ninotacultatem
662 2831 840 2905 babebat:
865 2833 968 2925 quod
986 2850 1185 2923 ¹utrumque
1207 2855 1271 2924 pa·

276 2960 297 3009 2
317 2937 373 3011 lus
393 2942 485 3036 large
501 2941 670 3034 praebere
689 2958 837 3034 poterat
864 2942 994 3035 Neque
1010 2966 1094 3013 vero
1112 2940 1269 3028 Alexan·

309 3050 450 3120 drinls
438 3067 479 3119 m
498 3049 658 3146 gerendis
675 3052 826 3168 negotiis
842 3051 1029 3124 condiatis
1037 3047 1108 3122 ulla
1123 3059 1272 3121 autmo-

316 3185 354 3230 ra
374 3157 600 3230 inferebatur.
628 3157 754 3230 Nam'
745 3184 783 3229 tn
806 3181 930 3244 onnes
946 3178 1084 3254 partes,
1100 3178 1165 3252 per
1182 3181 1272 3252 quas

316 3271 403 3339 fines
420 3269 585 3366 Aegyptii
601 3294 827 3366 regnumque
841 3248 1017 3364 pertinet,
1037 3275 1168 3367 legatos
1183 3293 1274 3342 con

175 3437 179 3444 .
271 3367 283 3410 ³
315 3379 573 3472 quisitoresque
598 3378 763 3452 diledlus
770 3379 927 3454 habendi
951 3383 1051 3456 causa
1076 3377 1269 3470 miserant,

303 3501 560 3588 'magnumque
584 3489 775 3578 numerum
794 3493 832 3565 in
849 3495 1027 3589 oppidum
1047 3493 1202 3564 telorum
1215 3511 1270 3565 at·

307 3607 386 3692 ‘q'ue
408 3597 950 3700 tormentorum'convexerant,
973 3603 1004 3676 dc
1026 3603 1269 3676 innumerabi-

309 3701 383 3780 lem
413 3698 687 3784 multitudinem
712 3711 945 3802 adduxerant.
979 3713 1058 3784 Nec
1082 3713 1201 3784 minus
1228 3715 1267 3784 in

299 3821 400 3893 ‘orbe
413 3822 598 3910 ‚maximae
614 3845 805 3910 armorum
834 3843 934 3900 erant
954 3816 1133 3900 institutae
1159 3823 1267 3900 offici·
