2876 4572
269 429 280 450 „
319 371 391 444 ,ῳ
434 461 436 466 ,
531 347 607 424 or
641 312 829 426 curro
872 314 1060 428 crunt

325 513 401 588 filio
423 512 640 609 quibusdam
671 514 716 586 de
740 516 866 603 causrs,
894 515 1017 588 Caesar
1041 515 1166 639 paullo
1190 515 1297 592 ultre*-
1367 593 1373 612 ¹

327 648 412 698 eum
440 625 564 696 locum
597 623 701 695 casira
729 626 928 696 transtulit·
958 624 1154 720 paucisque
1175 626 1284 699 inter·
1292 651 1317 683 =¹

323 729 428 804 millis
458 729 585 801 diebus
613 730 698 800 hacc
722 729 847 830 eadem
870 729 1063 824 Pompeius
1085 756 1284 826 occupare*

311 840 377 914 'rat
385 841 467 930 ,8t,
493 840 594 940 qnod
615 866 658 910 eo
680 843 761 912 loco
781 821 900 934 plures
918 860 991 914 erat
1011 843 1166 940 legiones
1183 843 1284 916 hebi

226 967 227 975 ¹
279 993 284 1002 ·
323 965 448 1038 tutus,
473 942 626 1018 relidlo
618 947 783 1020 interiore
807 950 922 1037 vallo,
945 951 1117 1021 maiorem
1138 951 1282 1042 adiece-
1293 982 1296 988 ·

324 1079 379 1136 rat
396 1061 647 1134 munitionem.
673 1058 877 1132 Itaminora
901 1061 1018 1152 castra,
1032 1061 1163 1136 inclusa
1174 1065 1286 1134 maio·
1388 1063 1392 1072 ’

326 1175 454 1262 ribus,
483 1172 612 1244 castelli
641 1189 752 1264 atque
780 1173 865 1242 arcis
896 1174 1020 1244 locum
1055 1161 1283 1245 obtinebant.

324 1285 417 1356 Item
441 1283 487 1354 ab
512 1284 644 1380 angulo
666 1279 858 1366 castrorum
881 1281 1012 1353 sinistro
1039 1281 1282 1354 munitionem

326 1381 373 1466 ad
386 1394 524 1466 flumen
551 1392 789 1486 perduxerat,
809 1391 946 1466 circiter
972 1391 1083 1488 pallus
1108 1411 1184 1480 ου’,
1203 1416 1282 1484 quo

280 1551 283 1558 ,
324 1504 470 1580 liberius
485 1527 524 1573 ac
544 1503 615 1574 sine
632 1500 794 1594 periculo
813 1501 942 1572 milites
956 1490 1182 1595 aquardutur.
1207 1500 1293 1574 Sed·

324 1617 353 1688 ir
373 1639 543 1710 quoque,
564 1630 705 1684 mutato
725 1613 873 1686 confilio
892 1613 1112 1706 quibusdam
1136 1615 1184 1686 de
1198 1630 1280 1686 cau·

193 1793 209 1820 .‚
325 1726 385 1814 su,
401 1751 488 1819 quas
504 1724 777 1796 commemorari
796 1723 931 1798 necesse
950 1749 1025 1796 non
1043 1725 1113 1814 css,
1131 1749 1176 1796 eo
1198 1727 1283 1798 loco

327 1837 522 1915 excesserat.
539 1837 592 1908 Ita
608 1837 816 1938 'complures
838 1837 912 1908 dies
933 1836 1132 1910 manserant
1156 1837 1289 1910 casira:-

260 1953 313 2050 ⁶7-
326 1941 543 2022 munitiones
562 1946 711 2040 quidem
739 1947 895 2046 integrae
915 1966 1044 2020 omnes*
1063 1951 1202 2042 erant.)
1229 1944 1283 2020 Eo

324 2061 424 2159 signo
442 2059 589 2156 legionis
608 2057 728 2146 illato,
749 2058 982 2153 speculatores
999 2057 1132 2130 Caesari
1148 2081 1293 2131 renum·

323 2173 469 2246 riarum.
493 2170 575 2240 Hoc
599 2168 697 2241 idem
718 2169 833 2240 visum
861 2195 908 2242 ex
938 2169 1178 2266 superioribus
1202 2172 1284 2264 qni·

323 2281 478 2354 busdam
498 2281 640 2352 cassellis
660 2281 964 2352 confirmaverant.
988 2281 1020 2352 Is
1042 2283 1141 2354 locus
1162 2275 1285 2360 aberat

322 2381 344 2462 e
367 2391 469 2462 novis
494 2390 656 2484 Pompeii
682 2389 794 2459 castris
815 2389 952 2460 circiter
972 2388 1083 2484 passus
1103 2410 1144 2464 n.
1179 2393 1283 2464 Hanc

323 2500 504 2597 legionem
525 2497 663 2592 sperans
683 2495 803 2570 Caesar
829 2495 864 2568 se
889 2501 1091 2591 opprimere
1111 2497 1228 2592 polle,
1249 2497 1284 2570 tc

325 2607 475 2700 cupiens
500 2607 574 2678 eius
598 2605 669 2677 diei
693 2605 950 2676 detrimentum
971 2603 1113 2696 sarcire,
1135 2607 1283 2700 reliquit
1391 2679 1394 2685 ,

325 2717 485 2810 inopere
498 2717 660 2808 cohortes
673 2714 772 2801 duas,
802 2739 895 2808 quae
910 2715 1061 2808 speciem
1073 2715 1285 2788 munitionis

276 2841 282 2850 ·
327 2825 563 2918 praeberent:
595 2825 668 2918 ipse
690 2823 827 2895 diverso
851 2824 1000 2912 itinere,
1029 2848 1140 2917 quam
1162 2826 1291 2920 potuit'

327 2933 576 3019 occultislrme,
597 2932 749 3024 reliquae
767 2932 948 3019 cohortes,
970 2945 1285 3021 numero·=xxx111·,

327 3041 514 3134 inquibus
529 3059 600 3112 erat
622 3041 714 3140 legio
729 3039 850 3130 nona,
874 3042 996 3114 multis
1010 3041 1133 3113 arnissis
1153 3061 1288 3116 centu«

313 3141 514 3240 ionibus,
546 3141 813 3244 'deminutoque
843 3151 1000 3222 militurn
1028 3176 1180 3224 numero
1192 3202 1207 3238 „
1234 3151 1286 3225 ad

312 3260 508 3357 ‘legionem
521 3261 686 3358 Pompeii
702 3263 879 3357 castraque
901 3263 1040 3336 minora
1058 3263 1193 3357 duplici
1208 3264 1287 3334 acie

328 3366 443 3438 duxit.
474 3369 716 3463 Nequc'eum
740 3373 853 3465 prima
877 3373 1000 3465 opinio
1026 3370 1171 3444 fefellit:
1197 3379 1286 3442 nar'n

328 3477 542 3572 &pervenit
562 3481 680 3575 ptius,
709 3507 819 3574 quam
840 3481 1031 3574 Pompeius
1055 3480 1180 3552 sentire
1203 3480 1287 3574 pos·

307 3585 402 3675 ‘set5
428 3584 616 3683 &tametsi
638 3609 736 3662 erant
756 3591 973 3662 munitiones
993 3590 1185 3664 castrorum
1206 3605 1288 3662 ma'·

272 3682 274 3701 ¹
328 3720 439 3819 gnae,
458 3717 578 3772 tamen
597 3701 728 3771 finistro
744 3725 878 3787 cornu,
901 3701 968 3770 ubi
987 3718 1060 3770 erat
1083 3699 1174 3794 ipse,
1193 3701 1286 3770 cele-

328 3805 412 3879 riter
432 3807 601 3908 aggressus
619 3809 854 3904 Pompeianos
880 3833 925 3882 ex
934 3811 1043 3884 vallo
1069 3808 1286 3908 deturbavit.
