2852 4578
309 424 382 523 rel
528 411 1049 491 tutentur-n

306 579 443 667 probetis
460 595 516 654 ee,
534 585 620 660 quae
633 566 714 662 apud
731 578 901 644 Corfinium
922 578 994 640 sunt
1008 573 1100 659 gella.
1119 561 1278 635 'Consiste'
1403 559 1406 588 ⁴

306 669 499 764 vestro'utar
513 673 662 750 libenter,
678 675 708 735 δι
729 673 790 735 hoc
807 674 965 746 libentius,
988 668 1071 752 quod
1086 685 1152 729 mea
1163 667 1283 748 sponte·

271 773 275 778 '
306 767 410 832 secere
424 765 659 844 conllitue'rurn,
670 787 705 831 ut
723 787 814 852 quarn
834 766 1011 828 leniffitnunr
1027 761 1279 844 mepraebetetn,

307 861 341 926 δι
357 861 541 944 Pompeium·
550 860 653 922 darem
668 869 792 940 operam
816 877 850 922 ut
867 855 1103 922 reconciliarem.
1156 853 1279 915 Tente-
1361 921 1367 937 ‚

307 953 451 1018 mushoe
468 953 578 1028 modu,
595 953 807 1037 fipollunrus,
830 958 966 1015 omniurn
984 951 1175 1013 voluntates
1180 965 1277 1012 recu·

307 1067 433 1131 perere,
453 1037 487 1112 δι
505 1048 648 1112 diuturna
665 1047 795 1124 viclpria
812 1049 875 1124 uti3
902 1047 1047 1129 quoniam
1070 1045 1178 1125 reliqui
1199 1061 1276 1106 cru·

309 1143 433 1205 delitare
447 1143 551 1206 odiunt
570 1141 704 1226 effugere
712 1161 779 1205 non
788 1158 980 1224 potuerunt
1002 1157 1105 1222 neque
1116 1137 1279 1201 vitiorum

294 1235 426 1301 'diutius
446 1253 570 1312 tenere,
588 1251 709 1318 praeter
724 1254 818 1299 unum
836 1234 869 1296 L.
882 1234 1014 1306 Sullam,
1036 1250 1126 1314 quent
1145 1231 1279 1292 imitatu-

309 1320 364 1394 ¹rus
381 1348 445 1394 nun
465 1329 540 1393 sutn.
568 1331 654 1392 Haec
674 1349 759 1392 nova
777 1327 814 1391 stt
829 1329 908 1392 ratio
926 1325 1090 1399 vincendi,
1113 1342 1148 1388 ut
1163 1323 1280 1386 miseri-

309 1425 416 1486 cordia
434 1425 465 1485 δι
479 1425 665 1487 liberalitate
681 1443 738 1486 noc
756 1423 939 1488 muniamus.
964 1422 1000 1486 ld
1017 1419 1278 1504 quemadmodum

309 1515 378 1582 fieti
395 1515 503 1625 pellit,
521 1519 666 1582 nonnulla
682 1519 754 1580 milri
772 1520 805 1580 in
822 1535 956 1580 utentem
973 1518 1124 1592 veniunt,
1140 1515 1172 1578 8ι
1185 1513 1281 1576 multa

310 1611 439 1692 reperiri
458 1609 585 1692 possunt
616 1611 668 1674 De
686 1613 732 1674 his
749 1613 840 1679 rebus
860 1631 937 1692 rogo
955 1627 1034 1686 vos,
1062 1623 1099 1670 ut
1116 1627 1175 1690 cog
1176 1607 1281 1669 itacio-

294 1711 382 1796 'irem
399 1705 578 1789 suscipiatls.
601 1708 659 1772 Cn.
671 1691 825 1793 Magium,
847 1709 983 1804 Pompeii
1000 1703 1208 1798 praefecum,
1229 1702 1283 1766 de·

310 1801 466 1887 prehendi
481 1801 609 1868 Scilicet
620 1825 691 1868 meo
702 1807 840 1869 instituto
856 1825 876 1873 ιι
880 1805 928 1868 sus
880 1793 1032 1880 ssurn,
1046 1803 1078 1864 δι
1096 1821 1165 1864 eurn
1180 1792 1285 1860 statim'

310 1893 428 1958 millum
444 1894 515 1956 feei.
534 1893 596 1957 Iam
615 1899 677 1960 duo
693 1896 839 1980 praesedi
860 1896 978 1959 sabriun
989 1895 1148 1978 Pompeii
1139 1913 1169 1954 tn
1182 1910 1283 1954 meam

310 1985 495 2071 potestatem
516 2007 689 2066 venerunt,
710 1991 741 2052 &
763 2011 780 2053 a
800 1989 1022 2054 memiffisunr.
1044 1988 1075 2052 St
1084 1988 1192 2052 volent
1203 1982 1283 2068 gran

309 2077 391 2153 effe,
413 2077 568 2144 debebunt
588 2083 766 2168 Pompeium
793 2085 931 2162 hortari,
955 2101 992 2149 ut
1017 2084 1103 2146 malit
1129 2081 1200 2144 inihi
1222 2075 1283 2138 effe
1382 2077 1384 2084 '

261 2203 276 2263 j
306 2173 450 2245 amicus,
470 2170 576 2255 ‘quarn
595 2177 674 2254 his,'
688 2179 740 2264 qui
758 2177 789 2242 &
807 2176 850 2240 illi
873 2179 903 2240 n
927 2178 998 2241 milti
1019 2174 1135 2260 semper
1156 2173 1282 2238 fuerunt
1311 2173 1316 2182 ’

309 2264 518 2330 inimicisiinri:
544 2289 674 2352 quorum
689 2272 825 2338 artificiis
841 2272 981 2336 effetlum
993 2271 1052 2346 est,
1067 2289 1103 2336 ut
1114 2267 1286 2352 respublica

309 2360 343 2425 in
353 2361 435 2425 hunc
447 2361 555 2427 starum
576 2369 759 2448 perveniret.
790 2370 842 2438 Eri
849 2369 903 2432 Cic.
914 2369 961 2430 lib.
971 2369 1028 2430 lX.
1040 2369 1078 2430 ad
1085 2365 1171 2430 Artie.
1179 2367 1235 2445 Ep.
1249 2369 1281 2424 ό.

598 2470 694 2556 Caesar
710 2473 798 2554 Oppio
822 2473 850 2533 e
871 2473 1028 2538 tornatos,
1045 2507 1048 2513 ·
1108 2477 1111 2484 '

352 2573 392 2639 A.
404 2576 433 2638 tl.
443 2594 506 2640 vtt
519 2575 566 2638 ld.
579 2577 670 2640 Mart.
684 2575 874 2642 Brundisium
888 2579 976 2642 veni·
996 2578 1034 2639 atl
1053 2595 1172 2639 murum
1188 2573 1285 2638 castra

309 2667 409 2755 posui
429 2667 590 2749 Pompeius
607 2668 650 2734 est
670 2669 830 2734 Brundisii
853 2669 935 2736 Misit
955 2671 992 2734 ad
1012 2690 1060 2736 me
1077 2669 1134 2733 Cn.
1145 2669 1282 2750 Magium

311 2765 352 2826 de
368 2782 454 2846 pace.
466 2763 560 2854 Quae
575 2753 640 2830 visa
656 2763 745 2836 sunt,
756 2764 906 2850 respondi.
932 2765 1005 2830 Hoc
1022 2786 1079 2830 vos
1095 2765 1189 2829 llatirn
1205 2763 1282 2830 scire

309 2854 411 2926 volui.
429 2854 533 2922 eum·
527 2875 556 2918 ιιι
567 2854 648 2940 spem
659 2875 794 2932 venero,
810 2857 848 2918 de
865 2855 1091 2941 compositione
1103 2855 1213 2940 aliquid
1231 2873 1280 2920 ure

311 2945 485 3024 conficere,
503 2945 613 3032 slatirn
618 2967 677 3014 vos
692 2966 840 3018 ceruores
852 2948 970 3017 sacram
997 2951 1045 3014 Ex
1058 2948 1285 3015 cic.iib.1X.ad

311 3041 375 3106 Ἀεὶ.
390 3043 445 3122 Ep
461 3066 500 3124 ¹3·

240 3205 250 3214 p
320 3133 407 3196 De
423 3133 554 3202 Caesare
571 3135 692 3224 fugerat
709 3161 758 3206 me
777 3143 815 3205 ad
837 3158 869 3208 te
888 3139 1027 3205 scribere.
1063 3109 1167 3202 Video
1183 3143 1283 3215 enim,

304 3249 391 3390 xpuris
407 3248 442 3293 tu
456 3231 751 3316 ruerasexspettaris.
770 3239 828 3301 Sed
843 3237 892 3301 ille
905 3235 1019 3318 scripsit
1036 3235 1072 3300 ad
1087 3233 1226 3308 Balbum,
1235 3231 1282 3294 sa·

329 3323 461 3390 ciculum
476 3325 826 3410 illumepisiolarum,1n
841 3349 904 3414 quo
915 3327 1015 3393 suerat
1031 3327 1153 3403 ulmea,
1169 3329 1198 3388 δι
1210 3326 1283 3389 Bal-

314 3415 477 3490 bi‚totum
496 3419 548 3482 srbi
567 3441 646 3508 aqua
664 3424 816 3490 madidum
834 3426 984 3490 redditum
1005 3421 1083 3498 effe;
1102 3437 1136 3486 ut
1154 3441 1192 3482 ne
1207 3419 1280 3484 illud

315 3509 436 3596 quidem
454 3509 541 3588 sciat,
556 3534 651 3576 meam
665 3513 751 3580 fuisse
765 3517 897 3598 aliquam
908 3515 1073 3598 epistolam.
1094 3515 1149 3579 Sed
1161 3533 1199 3574 ex
1212 3511 1284 3575 Bal·

310 3605 349 3670 bi
366 3604 491 3688 epislola
510 3627 607 3690 pauca
628 3611 723 3672 verbu
742 3601 948 3685 intelleuerat,¹
974 3603 1010 3670 id
1025 3603 1112 3696 {quae
1134 3604 1282 3687 rescripsit

315 3700 363 3765 his
378 3699 499 3763 verbis:
520 3703 567 3763 Dc
583 3704 701 3765 Cicerone
716 3704 790 3766 uideo
810 3723 834 3764 re
849 3705 972 3786 quiddam
984 3703 1143 3786 fcripfiffl,''
1155 3705 1224 3792 quod
1238 3721 1284 3781 ego

317 3795 520 3870 ιιοιιὶιιιιὶἱικὶς
542 3813 669 3876 quantum
692 3799 939 3860 auunconieuura
964 3795 1151 3878 consequebar,
1176 3796 1207 3854 id
1227 3809 1285 3854 erar

315 3890 485 3967 lultlmdt',
497 3907 528 3952 ut
538 3891 622 3975 nugis
640 3894 785 3976 optandum
801 3914 881 3976 quant
890 3889 1051 3974 sperandum
1062 3905 1198 3972 parurn.
1222 3883 1284 3949 lta·
1396 3899 1398 3906 ’
