2858 4572
355 395 382 460 “-
463 403 697 498 LIBER
744 403 773 502 Ι,
1051 427 1096 487 rr

133 569 314 670 ir'npedire
346 569 519 642 instituit:
547 591 710 662 quornm
734 589 888 660 operum
917 559 1006 641 ha'ee
1027 585 1102 646 erat
1132 579 1136 586 ’

131 688 236 765 ratio.
273 685 357 790 Qua
386 681 503 755 fauces
532 697 632 750 erant
663 677 915 776 angustissimae
952 695 1103 771 portus,

132 799 250 871 moses
269 797 378 889 atq'ue
397 816 559 892 aggerem
597 788 642 861 ab
676 807 829 885 utraque
862 807 964 884 parte
989 791 1102 864 litoris

129 908 309 994 iaciebat,
346 903 448 998 quod
477 901 530 971 hir
559 900 646 972 locis
676 915 751 970 erat
781 897 955 972 vadosum
992 925 1099 973 mare.

130 1015 296 1115 Longius
306 1009 514 1114 progressus,
540 1035 623 1081 curn
643 1034 747 1108 agger
759 1012 882 1082 altiore
898 1015 997 1106 'aqua
1010 1037 1109 1084 conv

131 1127 242 1198 tineri
264 1149 342 1196 non
364 1119 497 1217 posset,
530 1135 620 1224 rates
653 1119 834 1214 duplices,
865 1145 1102 1218 quoquovere

130 1239 192 1318 sus
211 1233 346 1329 pedum
361 1253 451 1324 xxx,
469 1257 489 1305 e
504 1232 650 1330 regione
670 1233 775 1313 molis
797 1233 1003 1308 collocabat.
1025 1235 1100 1309 Har

130 1344 315 1444 quaternis
334 1343 468 1416 ancoris
494 1367 540 1414 ex
562 1359 717 1436 quatuor
739 1341 874 1439 angulis
891 1342 1101 1438 destinabat,

130 1471 184 1526 ne
205 1448 373 1526 fludiibus
397 1467 638 1526 moverentur.
671 1451 737 1522 His
763 1447 924 1546 persediis
944 1457 1099 1529 collocas

129 1567 281 1658 tisque,
313 1565 394 1638 alias
429 1563 598 1660 deinceps
629 1563 704 1658 pari
738 1563 985 1664 magnitudine
1008 1584 1099 1640 rates

130 1675 322 1774 iungebat:
347 1677 408 1747 has
430 1693 519 1748 terra
540 1693 651 1768 atque
674 1697 797 1772 aggere
819 1675 1024 1774 integebat,
1046 1702 1099 1750 ne

68 1869 71 1876 Δ
129 1785 252 1858 aditus
269 1805 379 1879 atque
397 1783 556 1856 incursus
578 1783 623 1853 ad
647 1781 920 1859 defendendum
943 1785 1094 1879 impedi-

131 1917 259 1972 retur:
284 1924 304 1968 a
327 1897 446 1968 fronte
470 1912 580 1990 atque
603 1893 651 1964 ab
670 1885 834 1987 'utroque
856 1895 963 1965 latere
996 1899 1096 1970 crati-

132 2007 206 2081 bus
235 2029 276 2078 ae
297 2005 428 2099 pluteis
451 2003 683 2101 protegebat:
718 2003 759 2073 in
789 2021 914 2096 quarta
948 2030 1094 2097 quaque

133 2140 261 2186 earum
284 2131 397 2185 turres
423 2113 595 2182 binorum
626 2107 871 2178 tabulatorum
895 2112 1097 2202 excitabat,

23 2225 24 2274 ἶ
133 2247 215 2318 quo
242 2219 469 2294 commodius
497 2221 543 2290 ab
569 2219 711 2313 impetu
736 2215 884 2288 navium
912 2219 1099 2320 incendiis·

135 2355 214 2426 que
238 2328 455 2402 defenderet.
496 2327 631 2401 Contra
656 2327 742 2399 haec
767 2327 963 2424 Pompeius
991 2359 1097 2407 naves
1115 2334 1164 2408 26

133 2467 280 2542 magnas
305 2443 500 2528 onerarias,
521 2465 607 2535 quas
626 2439 663 2512 in
679 2457 790 2534 portu
807 2439 1017 2516 Brundisino
1036 2447 1097 2518 de·

132 2553 394 2651 prehenderat,
414 2552 624 2624 adornabat.
668 2551 725 2622 tbi
746 2541 964 2627 tumescunt
986 2560 1100 2631 ternis

133 2665 302 2736 tabulatis
328 2662 510 2762 erigebat,
533 2684 688 2754 easque,
710 2659 832 2731 multis
853 2667 1039 2736 tormentis
1062 2668 1098 2738 sc

25 2835 27 2842 Α
60 2867 61 2872 ¹
135 2773 238 2845 omni
252 2797 380 2872 genere
399 2773 556 2844 telorum
577 2771 796 2864 completas,
811 2769 857 2841 ad
879 2797 988 2867 opera
1007 2775 1096 2848 Cae-

133 2882 215 2956 saris
236 2883 468 2978 adpellebat,
501 2897 544 2952 ut
571 2897 659 2980 rates
687 2898 952 2976 perrumperet,
986 2903 1098 2979 atque
1129 2961 1131 2966 ,

134 3015 245 3086 opera
266 2975 489 3062 disturbaret.
524 2987 581 3060 sic
608 2989 773 3083 'quotidie
795 2991 983 3089 utrimque
1008 2995 1095 3064 emi·

134 3127 206 3174 nus
228 3099 365 3190 fundis,
395 3099 545 3198 sagittis,
572 3101 792 3194 reliquisque
814 3101 893 3170 tesia
910 3105 1096 3201 pugnabas·

135 3229 206 3294 tur,
251 3209 375 3304 Atque
404 3211 490 3281 haec
516 3210 564 3280 ita
596 3211 718 3281 Caesar
743 3209 1027 3303 administrabat,
1053 3233 1096 3286 ut
1172 3211 1175 3218 ’
1220 3201 1222 3214 “

135 3317 363 3393 conditiones
391 3309 484 3420 paris
504 3317 731 3390 dimittendas
765 3341 843 3391 non
874 3323 1095 3402 existimaret.

134 3429 191 3502 Ac
215 3429 351 3500 tametsi
373 3453 590 3526 magnopere
621 3429 886 3516 admirabatur,
908 3434 1093 3538 Magium,

135 3565 252 3635 quem
276 3539 320 3610 ad
338 3541 552 3635 Pompeium
574 3565 659 3613 eum
680 3541 854 3614 mandatis
873 3545 1027 3633 miserat,
1046 3547 1095 3616 ad

135 3651 172 3722 se
192 3673 268 3722 non
291 3651 447 3736 remitti3
484 3651 593 3745 atque
616 3677 656 3722 ea
674 3678 729 3724 res
750 3653 851 3748 saepe
872 3674 1005 3727 tentata
1031 3650 1094 3724 etsr

135 3763 292 3853 impetus
313 3759 387 3832 eius
403 3759 616 3854 consisiaque
637 3762 814 3835 tardabat:
833 3783 954 3836 tamen
975 3763 1095 3833 omni·

107 3893 113 3910 ¹
132 3869 208 3942 bus'
226 3869 349 3944 rebus*
365 3871 405 3942 in
435 3895 482 3944 eo
509 3871 807 3967 perseverandum.
826 3874 987 4041 ἓυῑαὸαι,
1023 3873 1093 3952 sta-

235 4025 238 4032 ,
880 3991 924 4066 3.
1079 3991 1082 3998 ·
