2852 4578
298 383 374 479 ere
582 317 676 466 pe
723 376 980 452 narro

300 541 576 643 praecluibus,
592 541 814 616 incolumem
836 542 967 616 reverti
991 541 1271 641 malleloAtque

301 655 409 736 etiarn
428 651 615 748 superbius
636 652 748 724 Iubae
767 646 900 727 fadum
922 675 1001 724 non
1023 653 1063 724 in
1083 653 1134 724 Μ.
1150 655 1268 749 Aquia

296 765 429 852 nium,
451 765 641 860 hominem
650 785 791 834 novum
810 785 1040 855 parvumque
1049 761 1268 852 senatorem,

299 876 363 950 led
380 877 418 948 in
430 872 662 970 Scipionem,
685 874 876 946 hor'ninem
897 871 964 946 illa*
976 871 1127 960 familia,
1149 871 1268 970 digni·

298 1002 395 1078 tate,
418 985 615 1056 honoribus
638 984 885 1078 praestantem.
917 982 1014 1056 Nam
1037 1005 1121 1056 cum
1143 982 1266 1078 Scipio

228 1151 232 1162 .
262 1175 267 1188 ,
298 1098 420 1195 sagulo
442 1099 625 1192 purpureo
646 1111 728 1166 ante
746 1093 835 1191 regie
859 1090 1058 1166 adventum
1075 1092 1128 1165 uti
1142 1094 1269 1164 solitus

178 1269 183 1278 .
297 1208 400 1296 ellet,
422 1207 553 1282 dicitur
575 1206 665 1280 Iuba
685 1229 770 1278 curn
794 1229 839 1276 eo
860 1204 987 1302 egiffe,
1005 1207 1264 1301 nonoportere

298 1318 404 1394 illurn
431 1316 564 1388 eodem
590 1315 646 1387 uti
664 1314 814 1400 vestitu,
848 1321 959 1406 atque‘
986 1313 1061 1408 ipse
1092 1329 1266 1388 uteretur.

299 1429 427 1523 Itaque
448 1423 583 1500 fadum
599 1411 674 1514 est,
694 1441 738 1498 ut
760 1423 879 1521 Scipio
900 1424 947 1500 ad
967 1426 1093 1505 album
1114 1427 1184 1498 sese
1202 1451 1268 1498 ve·

299 1539 421 1620 llitum
440 1535 660 1626 transferret,
673 1535 851 1624 elaeae,
866 1535 1005 1606 homini
1018 1535 1267 1661 superbissimo

236 1651 280 1752 58
298 1645 601 1770 inertiffimoque,
616 1586 900 1768 obtemperaret.
933 1643 1077 1718 Postero
1100 1646 1268 1718 dicuni·

298 1757 410 1837 versas
431 1756 599 1828 omnium
618 1755 737 1850 copiae
757 1754 804 1826 de
816 1755 939 1826 castris
973 1756 1142 1828 omnibus
1172 1755 1267 1832 edu-2

299 1882 410 1952 cunt,
434 1865 467 1938 lc
489 1864 716 1958 supercilium
737 1864 925 1990 quoddam
950 1865 1129 1947 excelsum
1144 1860 1266 1957 nelli,

171 1995 175 2006 '
285 1965 377 2053 ¹uon
396 1979 505 2074 longe
522 2002 542 2046 a
564 1975 714 2048 Caesaris
739 1975 854 2049 castris
874 1975 987 2048 aciem
1010 1978 1266 2066 constituunt,

299 2103 410 2178 arque
422 2086 472 2156 ibi
489 2084 690 2156 consrstunt.
705 2081 829 2159 Caesar
843 2082 932 2156 item
944 2084 1116 2179 producit
1128 2085 1264 2181 copiae,

240 2237 258 2300 vx
275 2253 280 2302 5
298 2199 532 2289 celeriterque
560 2193 601 2267 iis
622 2187 795 2266 instrudiit
813 2207 898 2266 ante
920 2195 995 2268 suae
1016 2196 1267 2286 munitiones,

191 2315 194 2324 ⁴
299 2331 393 2398 quae
415 2321 514 2376 erant
530 2304 568 2374 in
591 2310 744 2399 campo(
757 2300 933 2379 constitit:
959 2302 1031 2374 stne
1053 2301 1170 2376 dubio
1185 2303 1265 2392 eui-⁸

297 2416 460 2502 ilirnans,
485 2416 582 2486 ultro
603 2411 834 2499 adversarios,
852 2437 938 2492 cum
959 2433 1034 2484 tam
1055 2415 1191 2512 magnis
1205 2440 1263 2489 co·.
1299 2449 1304 2461 ·

299 2527 367 2622 piis
385 2525 596 2618 auxiliisque
619 2523 708 2623 regie
728 2519 840 2598 client.
855 2524 1029 2618 praediti,
1065 2527 1265 2621 promtius·

217 2647 220 2657 '
298 2655 375 2730 que
394 2627 651 2729 prosiluissent,
671 2650 754 2712 ante
775 2630 810 2702 se
831 2633 1080 2722 concursuros,
1103 2635 1266 2729 propius·

300 2767 376 2836 que
394 2742 430 2813 se
439 2741 649 2818 ¹.accelsuros
678 2741 802 2832 Equo
801 2739 1076 2830 circumvectus,
1090 2745 1264 2840 legiones·

300 2877 375 2946 que
392 2844 623 2940 cohortatus,
651 2852 750 2950 signo
774 2851 881 2940 dato,
911 2851 1081 2924 accessum
1106 2853 1269 2926 hostium.

299 2964 566 3086 aucupabatur:
591 2963 887 3060 ipseenirnaluls
899 2965 1163 3044 munitionibus
1179 2967 1263 3044 lon'

164 3091 168 3104 ’
232 3080 234 3086 ’
298 3072 377 3170 gius
400 3092 477 3150 non
499 3071 571 3153 fine
590 3071 730 3144 ratione
748 3095 822 3142 non
843 3071 1082 3167 procedebat,
1103 3071 1232 3166 quod
1223 3095 1264 3148 ιη

299 3180 439 3275 oppido
461 3180 607 3270 Uzitae,
639 3181 742 3275 quod
760 3180 881 3275 Scipio
906 3180 1077 3270 tenebat,
1105 3183 1262 3256 hostium

298 3308 400 3364 erant
422 3294 587 3366 cohortes
613 3310 790 3381 armatae,
814 3291 942 3366 eidem'
969 3309 1092 3370 autern
1118 3292 1259 3386 oppido

180 3401 188 3421 ’
297 3402 346 3493 ad
376 3369 548 3476 dextrum
573 3408 664 3478 latus
691 3405 765 3478 eius
790 3413 904 3477 cornu
930 3421 1003 3478 erat
1029 3404 1262 3498 oppositum,

291 3507 618 3608 verebaturque,
592 3541 662 3604 ne,
683 3514 996 3613 sipraetergreffus
1019 3507 1120 3602 effet,
1138 3538 1183 3586 ex
1197 3539 1264 3609 op·

296 3625 395 3719 pido¹
411 3628 600 3722 eruptione
618 3567 730 3714 faba,
751 3629 797 3699 ab
810 3617 917 3708 lalere
935 3653 1020 3700 eum
1041 3625 1264 3702 adorticon«

259 3757 261 3764 ·
295 3733 466 3806 riderent.
492 3737 674 3807 Praeterea
695 3738 781 3808 haec
800 3751 952 3831 quoque
977 3737 1175 3810 eumcausa
1192 3753 1264 3810 tan·

296 3841 416 3933 dordr,
431 3846 544 3941 quod
558 3863 634 3931 erat
647 3849 912 3944 locusfqrridarn
926 3849 1187 3947 perimpeditua
1198 3873 1264 3932 ane
