2876 4572
316 547 481 660 inultum
503 573 661 628 numero
686 555 846 630 ermion
870 555 1031 630 nostrum
1059 527 1282 653 'equititum‘l

127 665 133 673 '
255 684 305 764 39
317 663 501 738 ‘Domitius
519 683 661 755 autem,
683 688 769 739 curn
789 661 938 739 Caesaris
960 667 1070 766 magis
1091 668 1282 764 periculo,

318 797 432 870 quam
452 776 538 876 suo,
561 795 875 864 commoveretur3
905 799 1027 876 neque¹
1046 779 1187 850 secuto
1209 777 1281 848 disi

316 879 492 958 cessurum
512 886 755 976 arbitraretur,
774 889 798 958 sr
817 888 1064 976 conditiones,
1088 907 1175 982 quas
1193 889 1283 959 reieb

316 997 433 1086 terat,
456 997 572 1069 rursus
593 995 796 1093 appeteret,
820 1015 883 1070 aut
906 999 978 1070 fine
1002 999 1100 1070 causa·
1120 999 1280 1070 di'scedea‘
1426 995 1428 1104 l

309 1121 409 1191 ret3·
429 1129 473 1176 ex
499 1109 713 1202 propinquis
744 1111 890 1180 castris
881 1133 919 1180 rn
945 1111 1055 1198 aciem
1078 1107 1276 1180 exercitum

316 1213 454 1285 eduxit.
478 1228 603 1286 xxxvi
625 1218 835 1314 legionem'
827 1241 863 1286 1n
886 1215 1013 1287 dextro
1033 1239 1145 1288 cornu
1164 1219 1275 1288 collo

269 1403 271 1411 s
316 1323 426 1411 cavit,
444 1326 659 1396 Ponticam
651 1349 687 1414 ru
702 1325 857 1396 sinistro:
883 1323 1041 1398 Deiotari
1062 1327 1241 1425 legiones'
1233 1340 1276 1397 ur'

313 1431 471 1504 inediam
488 1436 609 1506 aciem
602 1436 777 1506 contulit
787 1435 1086 1528 ,quibufltamen
1109 1435 1277 1532 auguriis·

313 1543 443 1616 simum
465 1544 590 1616 frontis
611 1545 756 1638 reliquit
780 1545 1028 1630 intervallum,
1051 1546 1206 1638 reliquis
1214 1571 1278 1616 co⁴

245 1652 503 1742 hortibus
494 1675 533 1724 tn
548 1653 705 1726 subfidiis
721 1655 911 1726 collocatis
926 1654 982 1728 Sic
998 1658 1183 1750 utrimque
1199 1651 1277 1726 acis

250 1759 496 1858 401nslrusia,
520 1765 718 1860 procellunt
742 1767 790 1837 est
813 1767 859 1840 ad
880 1767 1135 1840 (limitandum
1161 1763 1277 1890 Signo

311 1873 379 1947 sub
401 1875 522 1947 idem
526 1892 670 1970 tempus
695 1877 740 1947 ab
770 1893 927 1969 utroque
954 1875 1060 1964 dato,
1093 1877 1280 1948 concurri··

311 1998 396 2054 tur·
419 1986 542 2056 acriter
562 1985 740 2075 varieque
746 1999 949 2080 pugnatur.
975 2008 1059 2056 narn
1080 2005 1208 2056 xxxv!
1229 1985 1275 2054 l'e·

257 2087 268 2144 i
311 2095 371 2191 gio
394 2117 479 2166 cnm
502 2112 601 2166 extra
623 2093 745 2166 foslam
767 2095 805 2166 in
828 2095 1029 2188 equitatum
1050 2097 1136 2190 regis
1160 2096 1275 2188 impe·
1337 2155 1338 2162 ,

310 2219 392 2276 turn
415 2193 564 2295 fecisset,
581 2206 672 2278 adeo
691 2205 890 2278 secundum
906 2203 1085 2302 proelium
1101 2205 1203 2291 fecit,
1224 2205 1275 2276 ‘ut'

311 2315 502 2388 moenibus
529 2318 655 2412 oppidi
681 2311 909 2404 succederet,
931 2315 1135 2411 fossamque
1150 2306 1274 2386 transi-

306 2436 385 2518 set,
412 2429 621 2522 aversosque
644 2429 758 2500 hostes
777 2427 1033 2528 aggrederetur
1062 2425 1112 2498 At
1147 2427 1272 2500 Ponti·

305 2561 348 2612 ca
372 2565 418 2612 ex
440 2542 545 2612 altera
563 2559 663 2634 parte
684 2541 801 2637 legio,
813 2565 910 2612 eum
932 2541 1134 2720 paullulum
1154 2527 1274 2611 aversa

196 2657 200 2662 ’
308 2651 470 2724 lrosiibur
490 2647 651 2738 cessisset,
666 2649 787 2722 fossam
807 2667 930 2722 autem
956 2652 1100 2722 circumi
1102 2673 1138 2722 re
1148 2643 1270 2762 [acies]

308 2758 467 2832 secundo
484 2775 610 2831 conara
631 2757 734 2848 esset,
761 2775 803 2832 ut
820 2773 945 2856 aperto
970 2761 1079 2831 latere
1100 2759 1271 2858 aggrede-

309 2857 409 2944 retur
429 2865 628 2959 hostem,
618 2892 668 2942 tn
678 2813 753 2964 ipso
774 2871 921 2944 transitu
948 2869 1052 2942 sollae
1078 2865 1272 2944 confixa&

248 3001 251 3014 ⁶
311 2978 469 3076 oppressa
498 2977 567 3050 est:
598 2978 757 3050 Deiotari
780 3003 866 3052 vero
889 2981 1045 3080 legiones
1072 2980 1132 3049 vix
1150 2977 1270 3070 impe-

309 3085 391 3160 t'um
413 3087 666 3161 sustinuerunt.
697 3087 750 3159 Ita
774 3083 930 3160 visiricer
948 3084 1036 3188 regis
1058 3087 1180 3182 copiae
1194 3107 1272 3156 cor·

309 3197 361 3272 itu
376 3199 439 3271 suo
452 3199 582 3270 dextro
599 3199 791 3294 mediaque
808 3201 882 3272 acie
897 3213 1151 3280 converterunt
1173 3193 1270 3268 lead

309 3325 434 3380 xxxvl
452 3308 651 3404 legionem.
685 3331 781 3402 quae
809 3324 929 3378 tamen
958 3305 1097 3378 sortiter
1124 3305 1272 3376 vincon

308 3417 594 3510 iiumimpetum
609 3416 798 3504 sustinuit,
826 3415 961 3512 magnis
982 3412 1091 3538 copiis
1113 3411 1273 3484 hostium·

309 3523 551 3622 circumdata3
578 3467 926 3620 praesentisltinoque
954 3524 1074 3594 animo
1105 3532 1271 3632 pugnans¹

207 3657 209 3666 ’
309 3633 349 3706 in
369 3633 514 3721 orbem,
539 3632 574 3704 se
596 3633 730 3729 recepit
747 3635 792 3704 ad
810 3633 943 3704 radices
961 3629 1166 3714 montium;
1189 3649 1270 3722 quo

308 3740 505 3816 Pharnaces
524 3743 681 3836 insequi,
700 3760 847 3838 propter
863 3733 1088 3842 iniquitatem
1105 3739 1188 3824 loci,
1203 3749 1270 3810 no*

309 3841 390 3974 luit.
416 3853 496 3942 Ita,
528 3845 676 3925 Pontica
707 3851 850 3950 legione
876 3871 990 3946 paene
1020 3865 1109 3924 tota
1124 3847 1274 3940 amissa}
