2852 4578
377 329 808 422 arurcano.
1002 361 1081 445 301·¹
1203 307 1212 322 ”

62 485 69 531 ⁷
127 503 366 597 intellexisset,
388 509 555 604 precibus
578 533 728 604 quoque
749 505 894 596 orasset,
911 504 1074 580 utise'ad

128 616 204 691 suos
214 617 309 690 Deos
324 637 469 713 penates
494 621 745 706 admitterent3
771 619 837 692 ubi
857 642 915 688 eos
938 617 976 688 in
997 615 1080 686 sen·

125 731 231 802 tentia
248 730 397 823 perstare
412 729 689 816 animadvertit,
708 751 775 801 nec
795 728 899 800 minis
914 743 988 798 nec·
997 748 1076 820 pre·

4 919 22 942 Α,
125 835 222 910 cibus
238 839 306 912 fuis
321 841 478 930 moveri,
501 863 579 934 quo
592 840 701 936 magis
721 839 755 908 se
765 839 987 932 reciperent3
1009 853 1078 908 ter·

100 978 101 988 ¹
125 947 175 1018 tio
188 951 279 1042 petit
300 951 347 1022 ab
369 953 439 1041 eia,
462 970 503 1026 ut
521 952 585 1024 srbi
596 951 764 1046 coniuges
782 949 986 1042 liberosque
999 944 1079 1033 red·

121 1053 266 1148 decent,
296 1083 338 1132 ut
353 1064 472 1134 secum
495 1088 555 1134 eos
578 1055 1078 1156 asportareti'l'ostquam'fibi
1147 1109 1152 1118 .

4 1161 7 1234 Ῐ
122 1165 383 1242 nihilomnino
408 1169 610 1266 oppidanos
623 1169 775 1263 respons
796 1169 948 1244 reddere
962 1167 1079 1238 anim-

119 1277 291 1370 advertit,
318 1285 422 1358 nulla·
431 1309 469 1356 re
481 1283 527 1356 ab
540 1283 580 1352 iis
595 1283 801 1376 impetrata,
823 1280 994 1352 ab·Zama
1011 1280 1081 1350 dia·

119 1390 236 1478 cedit,
276 1411 386 1486 atque
403 1394 460 1466 ad
477 1395 599 1466 villam
628 1394 728 1466 suam
756 1415 841 1466 cum
867 1391 917 1462 Μ.
938 1389 1082 1460 Petreio

116 1504 314 1597 paucisque
333 1504 516 1596 equitibus
540 1503 576 1576 se
602 1501 750 1574 confert.
780 1499 995 1572 Zamenses
986 1517 1078 1572 rnte·
1095 1509 1145 1598 92'
1203 1495 1212 1510 ’

117 1611 188 1684 rim
201 1599 333 1709 legatos
351 1613 430 1684 de
409 1639 449 1684 na
461 1614 569 1686 rebus
582 1584 630 1684 ad
649 1611 830 1684 Caesarem
841 1609 980 1682 Uticam
1001 1608 1083 1682 mit
1185 1679 1187 1702 Ι

118 1733 224 1809 tunt,
257 1739 461 1816 petuntque
479 1723 525 1793 ab
547 1747 613 1809 eo,
635 1725 686 1792 uri
701 1739 797 1795 ante
825 1745 919 1816 quom
936 1744 995 1790 rex
1009 1743 1083 1790 me-

115 1853 199 1904 num
226 1833 412 1926 colligeret.
432 1831 562 1928 seseque
585 1845 808 1932 oppugnaret
827 1829 898 1924 fibi
919 1829 1095 1902 auxilium
1203 1925 1205 1928 Ι

117 1943 290 2020 mitteret:
305 1941 346 2034 se
363 1959 468 2012 tamen
482 1959 616 2038 paratos
631 1941 710 2036 effi.
718 1940 787 2034 fibr
777 1937 907 2034 iquoed
924 1940 1082 2038 uitasup¹
1146 2031 1152 2038 ι
1236 1961 1240 1970 “

113 2068 263 2152 peteret
292 2051 441 2148 oppidum
454 2050 513 2146 seq
516 2077 553 2121 rte
566 2053 607 2120 ei
634 2051 803 2142 reservare.
835 2046 983 2144 Legatos
1006 2051 1083 2120 col·

118 2159 288 2258 laudatos
320 2157 442 2230 Caesar
470 2159 625 2230 domum
649 2158 753 2230 iubet
782 2156 1010 2245 antecedere,
1040 2181 1084 2228 ac
1233 2229 1236 2236 ,

116 2271 448 2344 suumadventum
464 2270 722 2366 praenuntiare.
749 2269 849 2364 lpse,
867 2270 1007 2364 postero
1023 2269 1083 2342 die
1135 2329 1139 2334 .
1217 2287 1220 2294 ’

124 2381 234 2454 Utica
248 2380 418 2478 egressus,
432 2385 521 2453 cum'
531 2382 694 2476 equitatu
711 2380 750 2451 in'
767 2403 918 2478 regnum
937 2381 989 2452 ire
1000 2393 1086 2456 con·
1141 2378 1145 2386 ’

118 2491 256 2566 tendit.
280 2492 430 2576 Interim
444 2494 488 2563 in
503 2493 638 2564 itinere·
651 2517 696 2563 ex
721 2491 830 2590 regiia‘
844 2491 952 2583 copiis
975 2490 1089 2562 ducea

50 2625 53 2632 ’
113 2602 332 2694 complures
354 2602 400 2672 ad
424 2601 605 2674 Caesarem
626 2603 802 2690 veniu'nt,
824 2617 1025 2706 orantque,
1042 2615 1086 2670 ut
1147 2627 1149 2632 ·

117 2709 197 2781 fibi
211 2707 378 2807 ignoscat.
390 2709 1008 2829 Quibuasupplicibuaveniadata,
1024 2709 1088 2780 Za·

112 2840 225 2892 mam
253 2817 478 2908 perveniunt.
508 2813 709 2889 Rumore
700 2817 844 2889 anterim
871 2819 1008 2910 perlato
1039 2817 1086 2890 de

116 2926 203 2998 eiua
215 2924 363 2996 lenitate
380 2925 660 3019 clementiaque,
678 2923 957 3019 propemodum
961 2950 1086 2997 omnes

25 3070 30 3078 ·
114 3037 231 3136 regni
248 3037 385 3127 equites
409 3036 557 3108 Zamam
580 3035 797 3132 perveniunt
816 3033 861 3103 ad
876 3035 1085 3125 Caesarem,

112 3149 169 3224 ab
195 3171 318 3240 eoque
338 3146 422 3218 sunt
442 3164 543 3218 metu
559 3147 794 3240 periculoque
807 3145 955 3217 liberati.
986 3148 1146 3240 Dum93
1174 3141 1177 3146 ’

113 3262 217 3338 haec
242 3255 439 3348 utrobique
472 3273 666 3352 geruntur,
694 3254 894 3342 Considius,
922 3255 988 3348 qui
1008 3256 1089 3328 Tis-

115 3369 226 3442 deae.
241 3365 325 3442 cum
347 3365 478 3452 familia
499 3366 576 3454 sua,
602 3366 807 3465 gladiatoria
832 3391 964 3453 manu,
995 3366 1090 3440 Gae-

115 3479 291 3571 rurisque
309 3493 488 3572 praeerat,
505 3477 647 3574 cognita
658 3475 766 3548 caede
779 3475 946 3566 suorum,
961 3475 1095 3549 Domi·¹

114 3589 250 3680 tiique
269 3586 301 3658 sc
321 3588 503 3683 legionum
528 3587 686 3658 adventu
709 3590 934 3680 perterritus,
964 3585 1090 3679 despe-

34 3725 37 3730 ·
117 3708 210 3774 rata
231 3691 359 3777 salute,
384 3692 728 3788 oppidumdesetit,
756 3681 978 3786 sequacium
1000 3705 1089 3764 cunr

5 3841 6 3844 κ
112 3801 253 3900 paucis
270 3797 423 3876 barbaris
440 3803 592 3902 pecunia
605 3788 751 3882 onustus¹
766 3802 952 3894 subducit,
981 3818 1094 3897 atquo
