2858 4572
154 363 157 368 ’
273 385 302 474 4
485 357 559 434 nr
595 295 782 464 sacro
825 351 1011 433 crvrrt

278 521 462 620 republica
486 519 733 618 [incivitate]
750 519 788 590 L.
803 519 977 592 Lentulus
995 516 1119 592 consul
1137 516 1236 597 rena<
1266 553 1270 560 ·

277 651 321 708 tu
345 634 469 727 reique
484 631 650 727 publicae
666 631 701 701 se
713 651 789 702 non
806 629 1016 705 defuturum
1031 631 1236 726 pollicetur,

276 734 484 816 siaudasler
513 763 553 818 ac
570 734 714 826 sortiter
738 738 925 822 sententias
949 738 1067 818 dicere
1091 739 1228 820 velint:
1325 745 1336 752 “

276 851 329 924 sin
350 849 529 922 Caesarem
550 848 754 944 respiciant,
783 863 894 943 atque
919 848 993 920 eius
1014 847 1157 946 gratiam
1182 848 1235 922 se

275 973 457 1066 quantur,
486 975 527 1030 ut
548 957 789 1053 superioribus
814 957 962 1031 fecerint
984 955 1233 1066 temporibus,

243 1155 246 1173 ,
275 1053 311 1148 se
337 1071 401 1142 fibi
424 1069 609 1144 consilium
633 1059 841 1164 capturum,
868 1093 989 1162 neque
1012 1070 1149 1141 senatus
1169 1093 1234 1142 au

275 1173 426 1252 {loricati
448 1179 804 1274 obtemperaturum,
820 1177 950 1278 habere
969 1177 1004 1250 se
1022 1201 1173 1273 quoque
1185 1175 1234 1252 ad

274 1288 423 1361 Caesaris
444 1289 586 1386 gratiam
612 1287 935 1383 atqueamicitiam
962 1303 1160 1383 receptum.
1189 1285 1234 1360 lu
1283 1309 1285 1312 ·

275 1397 425 1470 eandem
455 1395 665 1502 sententiam
694 1398 859 1491 loquitur
886 1395 1027 1493 Scipio.
1054 1395 1232 1494 Pompeio
1320 1493 1322 1496 Ι

276 1503 342 1578 elle
365 1505 403 1578 in
421 1495 565 1594 animo,
590 1505 809 1619 reipublicae
830 1528 907 1576 non
933 1503 1067 1594 deesse,
1089 1505 1231 1579 sisena-

274 1633 332 1690 tus
358 1595 541 1711 sequatur,
570 1617 620 1688 sin
633 1599 847 1702 cunctetur,
870 1629 980 1707 atque
992 1629 1070 1713 agat
1090 1613 1233 1704 lenius,

274 1728 522 1821 nequidquam
547 1726 622 1798 eius
642 1727 838 1813 auxilium,
860 1726 885 1796 fi
905 1725 1023 1819 postea
1045 1725 1153 1814 velit,
1177 1724 1231 1796 se·

236 1857 403 1912 uratum
432 1837 721 1930 imploraturum.
762 1835 858 1906 Haec
889 1833 1063 1930 Scipionis
1095 1837 1231 1925 oratio,

273 1947 377 2042 quod
399 1945 567 2016 senatus
558 1969 597 2016 ru
616 1945 706 2016 urbe
726 1945 942 2032 habebatur,
962 1946 1230 2041 Pompeiusque

272 2057 410 2144 aderat,
441 2057 611 2150 exipsius
632 2081 694 2128 ore
715 2057 876 2152 Pompeii
906 2057 1001 2128 mitti
1029 2056 1228 2129 videbatur.

157 2225 159 2231 .
272 2163 418 2238 Dixerat
439 2165 576 2259 aliquis
588 2168 761 2238 leniorem
783 2167 1015 2255 sententiam,
1044 2183 1085 2238 ut
1108 2167 1228 2262 primo

271 2274 324 2352 M
345 2275 551 2362 Marcellus,
574 2275 770 2373 ingressus
762 2300 799 2346 rn
817 2299 894 2348 eam
916 2277 1131 2364 orationem,
1148 2299 1228 2352 non

271 2403 438 2481 oportere
456 2401 539 2458 ante
552 2386 599 2476 de
616 2411 656 2458 ea
674 2411 712 2458 re
730 2386 774 2456 ad
794 2386 956 2458 senatum
970 2385 1102 2474 referri,
1114 2413 1227 2480 quarn
1353 2451 1359 2466 „

270 2491 421 2570 dilectus
448 2514 525 2568 tota
547 2495 645 2568 Italia
665 2497 799 2583 habiti,
826 2494 1054 2568 &exercitur
1077 2500 1228 2572 conscri-

271 2609 326 2705 pti
348 2607 474 2694 essent;
496 2631 572 2700 quo
592 2607 764 2702 praefidio
782 2622 864 2676 tuto
885 2605 916 2677 sc
939 2605 1049 2678 libere
1065 2609 1226 2701 senatur,

271 2739 365 2814 quae
383 2719 508 2803 vellet,
524 2715 713 2791 decernere
731 2715 879 2788 auderet
893 2733 968 2787 aut
985 2715 1035 2787 M.
1055 2717 1225 2810 Calidius,

270 2828 336 2924 qui
364 2825 549 2914 censebat,
574 2843 617 2900 ut
647 2825 838 2920 Pompeius
866 2825 904 2895 in
928 2821 1002 2894 suas
1024 2827 1222 2919 provinciae

268 2936 571 3032 proficisceretur,
603 2961 651 3008 ne
679 2962 751 3029 qua
781 2933 863 3010 esset
890 2960 1072 3010 armorum
1101 2938 1222 3028 causa,-

268 3041 397 3120 timere
418 3041 624 3133 Caesarem,
649 3045 802 3140 abreptis
821 3045 929 3151 abeo
947 3065 977 3116 11
1002 3046 1227 3144 legionibus,

267 3174 316 3222 ne
345 3151 390 3220 ad
416 3152 490 3222 eius
512 3154 712 3245 periculum
735 3155 905 3230 reservare
931 3157 963 3230 sc
989 3156 1141 3230 retinere
1167 3183 1224 3231 eas

267 3259 314 3330 ad
345 3260 472 3330 urbem
497 3261 689 3357 Pompeius
715 3262 914 3335 videretur:
950 3281 991 3336 ut
1012 3267 1062 3337 M.
1083 3265 1223 3354 Rufus,
1307 3257 1326 3268 ⁶

234 3397 238 3402 ·
268 3371 336 3462 qui
365 3369 575 3444 sententiam
598 3372 729 3446 Calidii
751 3375 871 3468 paucis
894 3373 968 3448 sere
996 3378 1141 3450 mutatis
1169 3401 1224 3450 re·
1268 3399 1271 3404 ·

266 3477 335 3551 bus
353 3480 578 3572 sequebatur
596 3483 646 3556 Hi
666 3509 812 3573 omnes,
836 3485 1000 3558 convicio
1017 3485 1056 3556 L
1074 3467 1221 3558 Lentuli

239 3589 416 3660 consulis
442 3594 613 3686 correpti,
639 3593 914 3693 erugitabantur
950 3595 1123 3668 Lentulus
1142 3595 1222 3668 sen·

264 3695 413 3770 tentiam
434 3697 561 3770 Calidii
581 3703 896 3794 pronuntiaturum
922 3703 957 3777 se
980 3705 1131 3778 omnino
1156 3727 1223 3776 ne-

263 3802 368 3900 gavit
390 3803 599 3900 Marcellus,
610 3803 818 3903 perterritus
834 3809 1021 3904 conviciis,
1037 3836 1057 3886 a
1072 3810 1131 3884 sua
1147 3809 1224 3884 sen·
