2876 4572
192 455 198 464 ,
299 316 400 442 'nc
556 359 630 435 nn
667 355 856 449 annno
897 347 1078 440 enum

328 543 531 626 appareret}
553 521 732 620 patesaslia
755 525 926 636 consiliio,
943 511 1123 614 ,exclusue'
1142 517 1297 626 Capuaq

326 637 362 709 u
382 637 585 732 periculum
603 635 759 723 veritus,
777 637 879 730 quod
900 653 1100 711 conventus
1121 662 1217 710 arma
1238 659 1297 712 cea

212 744 215 750 ’
327 763 450 838 perat,
473 761 583 836 atque
613 767 697 844 eum
715 743 820 816 hostis
840 747 921 817 loco
943 745 1157 818 habendum
1180 746 1298 822 existi·

271 847 274 860 '
327 855 476 943 mabat,
504 847 649 926 consilio
680 855 835 946 dellitit,
863 871 974 950 atque
999 873 1043 929 eo
1068 857 1194 930 itinere
1223 858 1294 930 sese

268 983 315 1036 ²2
327 963 466 1034 avertit.
507 965 655 1052 Interim
680 964 793 1054 Milo,
820 964 963 1038 dimissu
983 967 1118 1040 circum
1139 967 1297 1039 munici-

328 1074 387 1168 pia
405 1073 533 1159 literis,
557 1097 621 1161 oa,
642 1098 737 1168 quae
755 1075 904 1164 faceret,
936 1073 1024 1150 iulsu
1047 1070 1159 1172 atque
1176 1077 1296 1173 impe·

328 1182 383 1254 rio
403 1179 517 1253 facere
537 1183 722 1277 Pompeii,
751 1208 843 1278 quae
863 1183 1031 1256 mandata
1053 1185 1099 1258 ad
1118 1185 1153 1258 se
1165 1199 1230 1282 p'er
1242 1187 1295 1258 lli·
1376 1212 1378 1216 ·
1413 1249 1421 1258 .

259 1359 262 1376 ,
325 1291 459 1366 bulum
481 1295 602 1365 'delata
622 1291 748 1382 essent,
779 1319 872 1389 quoa
890 1317 936 1366 ex
952 1319 1032 1366 aere
1051 1295 1169 1368 alieno
1190 1298 1296 1370 labo·-

268 1397 280 1448 ⁷⁹
326 1427 403 1478 rare
424 1407 680 1494 arbitrabatur,
708 1404 927 1478 sollicitabat.
956 1405 1068 1500 Apud
1093 1413 1294 1500 quoscum

328 1517 503 1612 prolicere
524 1518 616 1589 nihil
640 1513 776 1612 posset3
807 1513 1026 1608 quibusdam
1050 1517 1173 1590 solutio
1196 1543 1296 1617 erga·

326 1627 447 1715 slulie,
469 1627 660 1699 Cosam'in
680 1650 764 1725 agro
786 1627 953 1700 Thurino
976 1653 1188 1730 oppugnare
1213 1655 1295 1704 coe·

317 1738 393 1832 pit.
431 1736 485 1808 Eo
506 1761 591 1808 curn
615 1762 635 1808 a
660 1738 707 1841 Q
724 1735 858 1808 Paedio
885 1753 1048 1832 praetore
1071 1763 1156 1810 cum
1179 1740 1294 1837 legio·

325 1863 373 1916 ne
391 1846 443 1892 *¹*
465 1845 584 1941 lapide
599 1841 686 1920 illut
705 1869 751 1918 ex
771 1871 902 1934 muro,
922 1849 1052 1940 petiit3
1076 1847 1109 1922 lc
1134 1847 1293 1938 Coelius,

293 2007 301 2018 .
327 1949 528 2048 profectus,
552 1969 593 2024 ut
613 1949 817 2044 dictitabat,
838 1956 886 2026 ad
907 1955 1109 2044 Caesarem,
1127 1959 1293 2052 pervenit

325 2063 508 2137 Thurios:
537 2066 632 2153 ubi,
665 2089 749 2137 cunt
781 2065 960 2161 quosdam
993 2067 1067 2139 eius
1102 2070 1295 2165 municipii

251 2219 253 2224 ·
325 2166 555 2264 sollicitaret,
584 2175 843 2270 equitibusque
867 2175 1018 2250 Caesaris
1045 2176 1152 2248 Gallie
1181 2194 1293 2272 atque

199 2362 203 2368 .
249 2323 252 2330 ·
324 2283 507 2379 Hispanis,
529 2285 594 2377 qui
615 2309 661 2355 eo
679 2285 838 2380 praesidii
864 2285 964 2357 causa
984 2287 1071 2356 milli
1093 2304 1213 2376 erant,
1228 2311 1294 2382 pe<
1385 2281 1388 2288 λ

324 2394 472 2466 cuniam
496 2392 749 2486 polliceretur,
780 2390 826 2460 ab
854 2390 893 2460 iis
918 2391 967 2460 est
989 2387 1201 2463 interfectus
1237 2393 1291 2464 Ita

325 2525 536 2602 magnarum
557 2502 656 2572 initia
677 2524 817 2587 rerum,
843 2525 937 2600 quae
959 2501 1198 2596 occupatione
1214 2527 1293 2574 ma·

325 2617 534 2714 gistratuum
561 2615 594 2690 8c
623 2633 831 2708 temporum
857 2613 1042 2684 sollicitam
1068 2612 1205 2683 Italiam
1233 2615 1294 2682 ha·

222 2753 235 2764 ’
325 2727 486 2814 bebant,
514 2729 666 2798 celetem
688 2725 721 2799 lc
746 2720 888 2796 facilem
915 2724 1054 2794 exitum
1077 2724 1293 2795 habuerunt.¹

227 2850 231 2875 ¹
263 2847 310 2934 '23
329 2837 446 2928 Libo,
469 2831 649 2932 profeslus
668 2839 713 2908 ab
730 2836 841 2912 Orico
864 2859 949 2906 curn
969 2831 1087 2920 classe,
1112 2835 1172 2906 cui
1190 2859 1295 2928 prae-
1426 2909 1427 2912 ,

326 2961 425 3034 erat,
441 2946 589 3016 navium
609 2943 898 3043 quinquaginta,
925 2941 1151 3014 Brundisium
1172 2943 1291 3034 venit,

326 3058 577 3150 insulamque,
599 3079 692 3150 quae
716 3072 840 3128 contra
862 3051 1116 3140 Brundisinum
1141 3070 1292 3148 portum

327 3167 399 3254 est,
434 3165 645 3260 occupavit;
683 3164 785 3259 quod
822 3163 993 3259 praestare
1029 3162 1291 3251 arbitrabatur,

328 3300 446 3352 unum
467 3277 612 3366 locum,
635 3291 712 3370 qua'
725 3273 928 3347 necessarius
949 3275 1071 3368 nostris
1092 3291 1164 3348 erat
1182 3274 1292 3377 egres·

326 3383 405 3477 sus,
442 3413 553 3484 quam
589 3388 710 3462 omnia
742 3388 845 3459 litora
883 3413 924 3460 ac
966 3403 1093 3481 portus
1130 3385 1291 3456 custodia

325 3499 460 3571 clausos
484 3499 587 3570 tueri.
613 3497 685 3570 llic
706 3496 896 3592 repentino
913 3496 1072 3565 adventu
1082 3519 1190 3572 ,naves
1203 3519 1291 3566 one·

327 3610 430 3680 carias
462 3608 635 3703 quasdam
665 3603 787 3679 naslns
808 3605 992 3690 incendit,
1022 3602 1187 3676 &unam
1214 3602 1292 3674 sru-

300 3705 456 3790 ¹mento
487 3719 649 3790 onustam
675 3716 853 3802 abduxit,
889 3738 1135 3810 magnumque
1167 3711 1292 3786 nollria

329 3843 500 3903 tenorem
529 3827 674 3920 iniecit,
707 3825 740 3902 8c
766 3821 877 3899 noslu
902 3825 1075 3898 militibus
1100 3825 1292 3924 &sagittae
