2876 4572
360 433 363 440 .
436 373 670 454 LIBER
699 369 883 468 ‘llis'
1021 382 1097 484 '²107

125 538 325 637 te'r'atique
355 535 484 638 aequo‘
510 543 634 614 animo
667 543 852 630 ferebant,
884 545 1005 638 neque
1028 547 1096 618 fibi

126 643 302 730 nudanda
324 653 479 726 litora&
501 653 758 746 relinquendos
781 668 906 746 portus
928 653 1095 726 existima·

127 765 230 837 bant.
250 759 333 834 'Sed
352 789 436 834 cum
459 761 594 850 eileut,
620 764 659 832 in
680 755 812 854 quibus
833 762 1097 858 demonstravi,-

127 873 313 970 augustiis,
337 897 377 944 ac
397 873 434 942 se
453 871 546 943 Libo
567 894 652 942 cum
676 869 806 942 Bibulo
832 869 1097 958 coniunxiffet,

127 984 337 1073 loquuntur
364 981 474 1052 ambo
500 1003 547 1050 ex
568 978 719 1056 navibus
741 1003 824 1050 cum
849 975 1037 1050 tuncino
1063 977 1098 1051 lc

128 1089 246 1163 Statio
283 1091 439 1176 Murco,
471 1090 616 1186 legatis,
653 1112 810 1180 quorum
845 1089 935 1158 alter
969 1087 1098 1182 oppidi

11 1195 12 1200 ἵ
127 1203 270 1290 muris,
291 1205 379 1276 alter
396 1199 570 1293 praesidiis
588 1197 804 1269 terrestribus
823 1216 1000 1290 praeerat,
1022 1199 1099 1268 vel·

130 1306 224 1380 lese
249 1309 294 1380 de
323 1307 485 1379 maximis
506 1308 612 1378 rebus
636 1330 722 1377 curn
748 1305 890 1376 Caesare
906 1305 1038 1398 ioqui,
1071 1304 1099 1375 sr

10 1425 12 1460 ³
130 1417 198 1489 fibi
222 1418 295 1488 eius
316 1415 461 1486 facultas
487 1415 604 1486 detur.
639 1413 724 1484 Huc
748 1412 892 1484 addunt
913 1437 1026 1507 pauca
1046 1412 1100 1486 rei
1146 1443 1155 1488 ·.
1264 1409 1268 1422 '

10 1535 12 1626 l
130 1527 401 1598 confirmandae
431 1525 551 1612 causa,
575 1540 617 1594 ut
638 1523 685 1594 de
707 1523 964 1616 composrtione
989 1517 1101 1594 adiuti

10 1651 12 1742 q
131 1635 350 1706 uiderentur.
382 1633 528 1704 interim
546 1632 748 1726 postulant,
768 1649 811 1702 ut
834 1631 902 1702 srnt
919 1631 1100 1732 induciae,

10 1773 11 1814 ὲ
131 1761 245 1838 atque
267 1745 312 1816 ab
338 1743 622 1836 iis'imp'etrant:
653 1763 828 1840 magnum
849 1731 971 1831 enim,
998 1741 1100 1836 quod

10 1859 11 1948 J
129 1855 349 1942 afferebant,
379 1853 600 1940 videbatur,
630 1852 868 1926 &caesarem
897 1853 935 1924 id
959 1851 1126 1951 summe,

10 2045 11 2060 q
46 1959 53 1984 '
131 1967 291 2038 sciebant
313 1991 469 2060 cupere,
500 1965 533 2038 8c
561 1960 762 2060 profedium
788 1964 924 2058 aliquid
945 1965 1101 2040 Vibullii

111 2079 310 2148 'mandatis
329 2075 602 2148 existimabatur.
627 2061 821 2160 Caesar,eo
834 2093 999 2168 tempore
1014 2099 1099 2148 cum
1130 2071 1175 2152 16

132 2189 277 2284 legione
304 2179 578 2278 una'profeiins
602 2183 648 2254 ad
671 2185 891 2278 recipiendas
917 2185 1101 2290 ulteriores

72 2327 75 2332 ·
131 2297 317 2383 civitates,
344 2295 378 2368 8c
403 2319 480 2366 reru
510 2293 776 2385 frumentariam
804 2295 1100 2388 expediendam,
1201 2355 1204 2361 ,

130 2413 207 2502 'qua
227 2394 585 2504 augusteuteba'tur,
609 2421 683 2476 erat
702 2405 748 2476 ad
770 2405 1009 2493 Buthrotum,
1033 2431 1102 2503 op·

131 2517 292 2613 positum
319 2516 506 2611 Corcyrae.
533 2516 592 2586 lbi
612 2517 741 2586 certior
759 2515 805 2586 ab
822 2516 982 2588 Acilio&
999 2516 1102 2586 Mur·
1129 2539 1131 2546 ’

133 2652 180 2698 co
204 2651 268 2720 per
288 2625 403 2696 literas
422 2623 533 2698 tatius
555 2625 602 2696 de
622 2625 805 2720 postulatis
825 2624 973 2698 Libonis
992 2625 1027 2696 tc
1041 2625 1102 2696 Bi-

9 2747 10 2752 ’
131 2737 235 2826 b'uli,
254 2739 436 2836 legionem
455 2735 651 2831 relinquit3
685 2737 758 2832 ipse
782 2738 934 2825 Oricum
955 2739 1102 2812 reverti·

132 2861 203 2918 tur.
246 2847 298 2918 Eo
323 2871 407 2918 curn
430 2847 598 2936 veniil'et,
626 2864 820 2922 evocantur
846 2850 897 2920 illi
920 2848 966 2920 ad
989 2852 1102 2921 collo·
1147 2863 1174 2898 ·’

132 2957 277 3053 quium.
302 2957 427 3030 Prodit
451 2959 568 3046 Libo,
599 2974 709 3053 atque
733 2961 876 3031 excusat
902 2960 1102 3050 Bibulum,
1184 2955 1198 2966 ⁴

9 3087 10 3168 J
130 3071 264 3168 quadis
286 3069 456 3141 iracundia
467 3070 605 3164 summa
623 3089 712 3146 erat,
735 3065 982 3168 inimicitiasque
1005 3071 1103 3142 lale·

137 3180 195 3252 bat
224 3183 322 3251 etiam
353 3184 503 3278 priuatas
529 3206 600 3252 cum
627 3175 783 3276 Caesari.
811 3207 852 3252 ex
875 3183 1041 3252 aedilitate
1068 3183 1103 3251 d·

9 3335 11 3380 5
128 3309 289 3389 praetura
310 3308 500 3388 conceptasr
520 3294 556 3362 ab
577 3317 649 3366 eam
667 3318 734 3388 rem
757 3293 946 3388 colloquium
967 3291 1100 3385 vitaffe.

132 3409 175 3473 'rte
196 3427 247 3473 res
271 3393 433 3473 maximae
447 3400 522 3500 spei
539 3408 760 3500 maximaeque
774 3405 930 3476 utilitatis
947 3409 1014 3478 eius
1032 3407 1104 3474 ira·

135 3511 509 3610 cuadiaimprdireatur.
546 3513 690 3612 Pompeii
693 3515 859 3607 summam
886 3517 1102 3618 effieacfmffe
1161 3601 1163 3606 ,
1275 3556 1283 3570 ·

122 3621 256 3723 flm'per
276 3622 490 3695 uoluntatem.
523 3639 561 3691 ut
583 3641 842 3719 componeretur.
869 3641 964 3719 atque
992 3625 1032 3695 ab
1051 3647 1103 3692 ar·

134 3731 204 3806 mis,
220 3728 454 3821 discederetur:
466 3730 532 3824 sed
548 3732 735 3830 potestatem
753 3733 793 3825 se
817 3736 884 3804 eius
908 3737 956 3804 rei
976 3732 1102 3802 nullam

134 3835 285 3916 ualeret
294 3855 465 3936 propterea
490 3838 636 3938 quotide
660 3841 790 3914 concilii
817 3841 984 3937 scatentia
1010 3837 1102 3936 sum·
