2852 4578
394 349 844 432 „arnicauo
1033 365 1107 454 ’ψ’

103 581 115 592 ,,
139 508 326 603 equitatus
334 510 489 604 levique
495 526 669 599 armatura
684 507 843 588 consedit
856 506 912 582 esc
928 511 1107 604 praeterea

16 665 18 672 ι
139 617 222 714 post
243 636 407 692 montem
433 621 615 712 collesque
641 618 778 710 equites
800 618 839 688 in
864 621 1008 694 occuito
1029 621 1105 690 col·

138 729 340 816 locaverat,
361 747 427 816 ut,
451 751 541 808 ‚curn
562 727 638 822 ipse
658 751 704 798 ex
731 727 923 820 improviso
947 729 1104 822 legiona-

137 838 374 920 riosadortus
393 839 493 926 esset,
507 863 552 910 ex
570 841 663 910 colle
681 839 716 908 se
737 838 916 932 equitatus
934 837 1101 918 ostende-

51 1003 57 1018 „
111 997 115 1007 ·
137 949 261 1037 ret,8c
279 975 318 1022 re
335 950 470 1044 duplici
491 949 720 1043 perturbatus
739 948 859 1018 Caesar
877 941 1024 1040 eiusque
1039 974 1104 1020 ex-

108 1131 111 1140 ,
138 1058 300 1146 orcitus,
332 1083 452 1152 neque
472 1075 566 1138 retro
590 1057 843 1156 regrediundi,
865 1080 986 1148 neque
1011 1057 1104 1140 ultra

104 1233 109 1261 ζ
138 1169 367 1264 procedendi
392 1171 511 1242 oblata
529 1169 717 1254 facultate,
739 1168 1000 1240 circumventus
1017 1193 1105 1245 con·

136 1281 328 1353 cideretur.
347 1281 493 1371 .Caesar,
518 1282 680 1375 equitatu
706 1299 790 1352 ante
811 1281 1019 1375 praemisso,
1044 1286 1102 1356 in-

136 1389 233 1470 scius
253 1391 457 1464 infidiarum
484 1414 572 1464 curn,
597 1390 644 1460 ad
670 1413 755 1465 eum
779 1391 902 1461 locum
926 1390 1101 1486 venisset,

137 1503 239 1576 abusi
263 1503 333 1574 slve
357 1502 461 1574 obliti
477 1517 749 1596 praeceptorum
766 1498 936 1589 labieni,
956 1503 1025 1605 sqve
1040 1529 1101 1578 ve·
1150 1573 1155 1588 ,

102 1671 109 1682 ..
136 1611 214 1698 riti,
231 1635 279 1682 ne
300 1611 338 1683 in
360 1609 445 1684 solla
465 1603 511 1680 ab
531 1611 714 1704 equitibus
733 1611 1033 1704 opprimerentur,
1046 1638 1101 1684 ra·

102 1775 104 1786 .
135 1720 170 1792 ri
190 1745 231 1792 ac
251 1721 377 1819 singuli
399 1719 444 1790 de
468 1719 743 1814 rupeprodire,
768 1715 801 1790 8c
822 1719 959 1790 summa
979 1739 1102 1814 petere

101 1889 115 1910 „A
137 1828 259 1900 collis:
292 1855 382 1922 quos
398 1829 547 1900 Caesaris
560 1827 696 1920 equites
713 1825 890 1898 consecuti
903 1834 1032 1921 partim
1047 1831 1101 1906 in-

104 1997 110 2008 .
136 1939 369 2027 tersecerunt,
388 1941 517 2032 partim
530 1941 695 2012 vivorum
708 1939 789 2008 stant
812 1940 942 2031 potiti:
965 1941 1097 2020 deinde

138 2049 306 2143 protinus
319 2051 448 2120 collem
461 2064 583 2140 petere
596 2049 871 2134 contenderunt,
880 2065 1099 2147 atqpeeunr,
1210 2130 1212 2138 ¹

140 2156 285 2228 decuffo
313 2157 461 2230 labieni
486 2156 685 2250 praesidio,
718 2155 875 2227 celeriter
903 2181 1101 2252 occupaue-

102 2327 107 2338 ,.
137 2283 238 2338 runt.
265 2267 453 2365 Labienus¹
466 2293 551 2339 cnm
566 2287 666 2362 parte
690 2268 854 2360 equitum
876 2267 937 2338 vix
957 2267 1039 2368 suga
1057 2272 1101 2341 s1·

104 2443 108 2452 .
137 2377 182 2449 bi
198 2381 346 2472 ¹peperit
367 2378 526 2450 salutem.
561 2379 643 2450 Hac
668 2371 706 2450 re
733 2403 797 2470 per
819 2379 955 2469 equites
978 2381 1097 2476 gella,
1117 2403 1158 2474 51

107 2559 110 2564 .
133 2489 263 2562 caesar
285 2489 485 2588 legionibus
510 2513 616 2583 opera
638 2488 837 2575 distribuit,
863 2505 972 2582 atque
995 2493 1098 2566 ineo

12 2595 13 2602 '
43 2655 45 2660 .
137 2601 254 2684 colle,
276 2597 352 2690 quo
371 2613 445 2667 erat
463 2599 612 2691 potitus,
636 2599 742 2668 casira
764 2597 936 2678 munivit.⁸
956 2600 1100 2683 Deinde

86 2703 87 2706 '
136 2707 187 2782 ab
209 2707 277 2778 suis
297 2705 468 2784 maximis,
486 2705 598 2776 castris
625 2730 692 2799 per.
715 2705 877 2776 medium
903 2731 1098 2802 campum,

134 2841 159 2888 e
182 2816 328 2911 regione
353 2813 480 2907 oppidi
506 2814 645 2901 Uzitae,
672 2812 775 2904 quod
799 2813 891 2884 inter
913 2815 974 2886 sna
994 2819 1098 2899 castra

100 2995 104 3000 .
134 2923 171 2998 ἃ
192 2922 365 3016 Scipionis
383 2922 420 2990 in
439 2922 592 3013 planitie
605 2920 767 3014 posrtum
780 2939 870 3008 erat,
893 2924 1099 2996 tenebatur·

134 3056 247 3126 quea
264 3029 453 3123 Scipione,
474 3029 551 3103 duo
570 3028 712 3125 brachia
728 3028 878 3098 instituit
890 3029 990 3116 duci,
1007 3031 1097 3114 &ita

53 3164 55 3168 ’
103 3197 105 3204 ,
134 3141 295 3239 erigere,
322 3158 364 3212 ut
386 3137 432 3208 ad
458 3141 630 3236 angulum
658 3139 825 3209 dextrum
851 3138 1098 3234 srnistrumque

134 3251 213 3322 eius
234 3249 360 3346 oppidi
380 3249 636 3324 convenirent.¹
653 3249 695 3318 Id
711 3249 774 3318 lrac
788 3250 923 3321 ratione
938 3276 1027 3342 opus
1041 3253 1097 3344 in-

135 3359 311 3444 siruebat,
331 3375 395 3445 ut,
418 3381 502 3428 cum
525 3359 672 3460 propius
695 3360 1011 3457 oppidumcopias
1030 3363 1105 3434 ad-.

12 3515 14 3540 .
101 3539 107 3548 Ν,
132 3467 324 3557 minuisset,
352 3491 635 3563 oppugnareque
660 3470 849 3564 coepisset,
879 3469 968 3544 tedia
990 3476 1096 3545 latera

132 3577 210 3652 suis,
222 3579 484 3656 munitionibus
497 3579 655 3664 haberet,
670 3581 728 3668 ne',
740 3583 791 3652 ab
813 3583 988 3675 equitatus
1003 3587 1097 3666 rnnl·
1139 3584 1153 3612 ⁹

131 3686 290 3762 titudine
305 3677 581 3776 circumventus,
597 3691 643 3759 ab
659 3693 926 3789 oppugnatione
942 3694 1096 3763 deterre·

132 3813 257 3886 retus,
279 3814 472 3899 praeterea,
486 3797 906 3902 quosacilinsncolloquia
923 3802 1094 3896 fieripos-
1157 3863 1174 3884 ,
1250 3896 1252 3909 Ι
1364 3819 1367 3828 ’
