2876 4572
190 358 204 448 j
314 363 389 448 'ne
477 345 545 422 nr
563 347 722 422 unco
745 304 1108 426 Amxsuuuruo.
1283 338 1286 345 ’
1416 261 1425 538 l

313 510 510 608 giendi,
471 537 577 583 vrvus
594 509 632 584 in
646 511 794 586 Caesaris
805 489 1015 608 potestatem
1033 505 1205 586 addudlus
1224 507 1281 590 ,es-

156 607 166 622 ’
252 642 302 717 77
315 619 374 694 set.
402 620 481 692 Tali
503 614 646 692 vinaria
667 621 772 694 toties
793 617 905 695 vislor
928 622 1049 698 Caesar
1073 619 1274 698 incredibili

314 728 364 820 esi
376 730 507 802 laetitia
522 725 682 818 affectus,
702 731 806 824 quod
820 733 1021 804 maximum
1043 735 1180 804 bellum
1193 750 1275 808 tan

314 839 541 912 taceleritate
563 838 783 930 corrsecerat3
805 841 982 932 quodque
1003 839 1111 914 subiti
1116 839 1274 935 periculi

313 947 513 1022 recordatio
526 949 574 1020 est
587 949 732 1036 laetior,
744 950 850 1040 quod
869 944 1011 1022 videris
1022 949 1192 1024 sacilisex
1205 949 1274 1018 dif-

314 1061 480 1134 ficillimis
497 1059 604 1132 rebus
617 1060 800 1134 acciderat.
819 1064 938 1136 Ponto
957 1059 1122 1156 recepto,
1144 1061 1277 1158 praeda

266 1181 273 1192 “
314 1168 418 1244 omni
431 1170 524 1268 regia
537 1171 711 1244 militibus
723 1170 947 1259 condonata,
962 1173 1103 1266 postero
1117 1171 1175 1246 die
1187 1195 1274 1251 cum
1308 1213 1315 1218 -

297 1282 494 1375 'expeditis
512 1283 694 1378 equitibus
712 1283 786 1376 ipse
810 1283 1064 1377 proficiscitur,
1095 1282 1276 1380 legionem

315 1410 364 1466 vr
380 1391 552 1464 decedere
569 1393 619 1463 ad
632 1393 786 1486 praemia
800 1410 911 1486 atque
930 1393 1083 1464 honores
1097 1391 1277 1484 accipieu·
1382 1487 1383 1492 ἵ

253 1557 256 1570 .
316 1499 382 1574 dos
398 1502 436 1572 in
447 1501 582 1574 ltaliam
595 1503 718 1575 iubet:
738 1504 867 1576 auxilia
882 1503 1041 1576 Deiotari
1054 1503 1207 1580 domum
1219 1523 1272 1574 re·

314 1608 450 1684 mittit:
484 1610 569 1682 duas
592 1612 750 1708 legiones
772 1638 858 1686 curn
879 1613 1001 1686 Caelio
1025 1610 1215 1684 Viniciano
1234 1608 1276 1680 in

254 1721 303 1819 ‘98
317 1719 436 1791 Ponto
462 1719 662 1812 relinquit..
681 1719 733 1792 Ita
756 1720 1120 1819 perGallograeciam
1148 1717 1280 1812 Bithys

317 1824 488 1918 uiamque
506 1827 546 1898 in
557 1823 672 1900 Anam
691 1830 758 1902 iter
771 1829 877 1916 facit,
895 1829 1134 1920 omniumque
1152 1851 1278 1901 earum

316 1934 583 2030 provinciarum
603 1937 650 2008 de
677 1938 919 2012 controversiis
947 1937 1180 2034 cognoscit&
1210 1937 1278 2008 sta-

290 2066 293 2073 ·
316 2045 390 2146 tuit⁸
399 2073 409 2132 3
423 2048 498 2118 iura
513 2049 550 2118 in
566 2051 772 2136 tetrarchas,
783 2073 900 2148 reges,
912 2048 1069 2120 civitates
1083 2047 1275 2126 distribuit.⁸

316 2155 564 2236 Mithridatem
583 2151 865 2257 Pergamenum,
891 2177 1103 2252 liquorem
1128 2159 1279 2237 feliciter

318 2261 551 2362 celeriterque
563 2271 693 2368 gestam
706 2272 744 2342 in
757 2272 925 2369 Aegypto
940 2270 1043 2363 supra
1059 2269 1277 2364 scripsimus,

242 2413 245 2421 Δ
316 2377 417 2474 regio
431 2403 559 2474 genere
578 2395 721 2466 ortum,
737 2379 928 2474 disciplinis
949 2381 1055 2452 etiarn
1070 2377 1171 2476 regiis
1187 2379 1277 2454 edu·

211 2484 213 2498 '
315 2506 461 2576 catum,
476 2493 583 2584 (nam
597 2489 838 2578 Mithridates,
851 2515 916 2562 rex
936 2489 1033 2560 Asiae
1052 2489 1180 2577 totius,
1194 2513 1278 2582 pro·

199 2621 203 2636 ¹
317 2613 401 2695 pter
411 2601 638 2672 nobilitatem
650 2600 820 2696 Pergamo
832 2603 1023 2693 parvulum
1034 2599 1152 2670 secum
1165 2620 1280 2691 aspor-

317 2728 453 2802 taverat
466 2711 504 2780 in
517 2711 640 2795 castra,
659 2711 866 2801 multosque
889 2697 1051 2780 tenuerat
1064 2712 1197 2800 annos)
1221 2732 1279 2780 rev

318 2815 402 2919 gem
416 2819 563 2913 Bospori
579 2819 779 2907 constituit,
792 2820 896 2911 quod
915 2819 982 2890 sub
1002 2820 1156 2912 imperio
1170 2818 1278 2888 Phar·-

319 2931 414 3004 nacis
427 2930 561 3015 suerat3
576 2927 850 3024 provinciasque
861 2931 989 3024 populi
1000 2926 1153 3000 Romani
1164 2953 1184 2996 a
1195 2927 1278 2998 bara

319 3042 411 3114 baris
426 3059 538 3134 atque
553 3025 705 3122 inimicis
721 3040 882 3137 regibus,
899 3039 1105 3133 interposito
1114 3039 1279 3108 amicissi-

318 3179 383 3228 mo
394 3179 495 3252 rege,
509 3155 675 3226 munivit.
711 3154 839 3226 Eidem
854 3154 1073 3224 tetrarchiam
1096 3152 1284 3250 {legibus}

319 3267 632 3364 Gallograecorum
645 3268 721 3337 iure
735 3265 846 3364 gentis
862 3267 1125 3363 &cognationis
1136 3263 1278 3336 adiudi-

318 3378 413 3449 cavit
420 3395 653 3471 ,occupatam
670 3374 893 3469 &possessam
907 3375 1027 3470 paucis
1047 3393 1130 3446 ante
1146 3374 1278 3448 annisa

318 3484 499 3564 Deiotaro.
525 3485 654 3577 Neque
670 3501 791 3557 tamen
804 3507 953 3576 usquam
969 3484 1102 3587 diutiuq
1117 3498 1279 3568 moratus

316 3598 387 3685 est,
408 3619 518 3690 quam
537 3577 713 3674 necessitas
732 3595 948 3668 urbanarum
966 3589 1183 3696 seditiquum
1201 3595 1278 3688 pati

319 3709 519 3780 videbatur
532 3705 653 3780 Rebus
669 3706 859 3778 fericiffime
873 3695 1055 3777 celerrime
1082 3731 1129 3778 ue
1156 3705 1279 3778 conse·

319 3813 428 3909 ilis,
419 3842 458 3891 m
472 3807 1129 3913 ltiliamceleriusomniumopirnone
1142 3816 1255 3892 venit-

764 3925 769 3938 ι

609 3975 610 3982 ’
684 3968 915 3997 m
