2858 4572
903 269 905 276 t
1042 256 1070 292 s
1139 259 1144 270 .

233 363 242 376 “
313 369 361 481 1⁸
540 369 837 456 Detumo,
870 371 1060 446 ctvtrr

313 555 390 628 que
405 532 529 604 omnes
548 533 620 604 stne
642 535 772 605 timore
793 535 861 634 iter
887 535 1068 622 facerent,
1099 533 1149 608 uli
1174 533 1283 633 supe?

312 639 451 714 riorum
465 659 672 734 temporum
687 661 797 735 atque
815 645 983 716 itinerum
1000 646 1153 715 licentia.
1169 634 1280 714 Erant
1357 723 1359 728 ,

312 753 517 846 complures
541 753 677 827 honesti
696 752 955 841 adolescentes,
993 753 1195 826 serratorum
1212 753 1278 824 filii

311 861 345 966 ὃς
369 862 503 934 ordinis
525 862 711 954 equestris3
741 879 840 936 erant
856 864 1050 960 legationes
1071 863 1281 944 civitatuma·

312 981 412 1045 erant
425 973 537 1070 legati,
555 972 711 1046 Caesaris.
741 974 817 1044 Hos
841 999 966 1046 omnes
982 973 1132 1046 flumina
1157 973 1276 1046 conti·

249 1109 256 1120 ‘
309 1083 457 1154 nebant.
488 1081 545 1152 Ad
572 1083 638 1153 hos
656 1083 913 1178 opprimendos
937 1109 1021 1158 cum
1047 1084 1147 1156 omni
1173 1076 1281 1176 equi·¹

309 1206 389 1274 tatu
404 1188 590 1282 tribusque
603 1190 804 1288 legionibus
825 1191 998 1266 ‘Afranius
1016 1193 1061 1264 de
1072 1188 1177 1264 nosse
1189 1189 1276 1286 pron¹

302 1301 496 1388 ficiscitur,
529 1301 847 1398 imprudentesque
867 1305 1068 1378 autemillis
1090 1303 1274 1397 equitibus
1326 1321 1331 1328 ’

307 1410 523 1509 aggreditur.
569 1411 739 1484 Celeriter
770 1417 890 1484 tamen
917 1415 986 1490 sese
1010 1415 1104 1486 Galli
1134 1413 1274 1506 equites

308 1517 533 1614 expediunt,
566 1523 818 1616 proeliumque
830 1526 1080 1596 committunt.
1094 1524 1162 1609 Hi,
1181 1523 1272 1593 dum

188 1721 200 1741 .
307 1632 386 1724 pari
418 1633 610 1725 certamine
645 1659 698 1704 res
724 1635 795 1730 geri
823 1635 966 1728 potuit,
1002 1659 1174 1732 magnum
1205 1635 1272 1705 ho·

240 1775 242 1784 ι
308 1734 415 1811 ffiam
441 1765 636 1840 numerum
659 1737 765 1834 pauci
792 1742 1009 1830 sustinuere3
1033 1743 1114 1830 sed,
1143 1743 1207 1815 ubi
1229 1742 1273 1813 sr-

307 1871 379 1944 gna
395 1847 578 1946 legionum
594 1843 884 1944 appropinquatio
906 1865 1129 1943 coeperunt,
1151 1849 1274 1941 paucis

299 1957 452 2044 amidis,
470 1957 541 2028 sese
554 1959 591 2026 in
605 1976 748 2029 montes
766 1959 949 2051 proximos
965 1959 1165 2032 conferunt.
1184 1959 1268 2030 Hoc

305 2089 450 2164 pugnae
475 2083 620 2159 tempus
637 2089 808 2164 magnum
822 2070 942 2138 attulit
966 2068 1088 2152 nostris
1113 2069 1159 2140 ad
1180 2067 1271 2172 sarug
1341 2167 1343 2170 Ι

303 2190 382 2247 tem
406 2191 654 2274 momentum:
683 2171 776 2252 nesii
796 2179 891 2248 enim
915 2178 1093 2270 spatium,
1116 2175 1200 2246 sein
1215 2179 1269 2248 lo·
1302 2222 1306 2233 ι
1363 2192 1371 2206 ·

275 2380 276 2384 ¹
305 2305 347 2367 jca
369 2285 547 2378 superiora
571 2303 791 2380 receperunt
816 2288 1012 2360 Defiderati
1035 2281 1120 2358 sunt
1141 2313 1185 2357 eo
1206 2287 1279 2358 die'

202 2473 206 2480 ,
304 2393 468 2490 sagittarii
493 2395 630 2470 circiter
650 2415 718 2482 cu,
739 2395 877 2488 equites
890 2394 1012 2486 pauci,
1029 2396 1197 2464 calonum
1211 2407 1266 2462 at-

271 2523 383 2590 ·.que
410 2499 756 2594 impedimentorum
791 2522 867 2570 non
895 2521 1044 2596 magnus
1080 2522 1262 2572 numerus.

242 2610 514 2702 '52Hietamen
543 2611 713 2682 omnibus
742 2631 887 2681 annona
917 2608 1044 2681 crevit:
1076 2607 1264 2702 quaesere
1334 2615 1357 2670 Ἰ

304 2743 360 2792 res
380 2740 456 2792 non
472 2721 588 2790 solum
611 2719 734 2811 inopia
754 2717 962 2812 praesentis,
995 2717 1057 2802 led
1083 2719 1188 2788 etiam
1212 2717 1280 2794 stuv

305 2831 561 2927 turi'temporis
572 2832 702 2909 timore
717 2827 950 2926 ingravescere
964 2827 1155 2900 consuevit.
1170 2827 1264 2900 lam-

281 2956 291 2984 ²
304 2965 379 3036 que
405 2940 450 3012 ad
474 2941 635 3021 denarios
659 2957 683 3008 L
711 2938 750 3008 in
776 2937 930 3034 singulos
953 2935 1094 3010 modios
1117 2959 1262 3008 annona

302 3055 530 3148 pervenerat,
557 3047 757 3120 &militum
771 3047 859 3119 vires
875 3046 994 3142 inopia
1010 3047 1183 3122 frumenti
1203 3047 1262 3116 de·
1276 3056 1289 3072 ”

301 3161 502 3238 minueratr
539 3179 652 3251 atque
670 3157 901 3229 incommoda
924 3157 961 3226 in
988 3157 1061 3228 dies
1077 3156 1261 3254 augeban-
1276 3156 1287 3205 ’-

303 3284 385 3354 tur;
412 3267 445 3342 8c
462 3285 536 3340 tam
553 3267 673 3362 paucis
701 3257 828 3340 diebus
840 3291 967 3364 magna
987 3284 1061 3344 erat
1075 3291 1193 3338 rerum
1209 3265 1261 3338 fa·

302 3371 358 3448 tta
382 3377 619 3458 commutatio
635 3429 645 3465 ,
664 3401 703 3450 ac
722 3377 756 3448 se
777 3377 919 3448 fortuna
939 3380 1187 3464 inclinaverat,
1216 3392 1259 3448 ut

301 3485 412 3558 nostri
440 3509 566 3584 magna
590 3487 711 3580 inopia
740 3485 1005 3572 necessariarum
1030 3511 1149 3560 rerum
1170 3509 1259 3558 con·

245 3593 247 3600 ’
301 3591 545 3683 slidiarent'u13
577 3599 629 3671 illi
665 3597 835 3673 omnibus
868 3598 1094 3673 abundarent
1127 3598 1258 3686 rebus,

301 3704 572 3800 superioresque
591 3706 815 3786 haberentur·
842 3705 961 3777 Caesar
977 3705 1016 3777 iis
1036 3705 1259 3796 civitatibus,
1276 3728 1289 3731 ··

300 3815 397 3918 quae
418 3809 551 3892 adeius
569 3807 760 3891 amicitiam
782 3815 1011 3908 accesseram,
1039 3839 1115 3911 quo
1138 3815 1259 3906 minor
