<?xml version="1.0" encoding="UTF-8"?>
<!DOCTYPE html PUBLIC "-//W3C//DTD XHTML 1.0 Transitional//EN"
    "http://www.w3.org/TR/xhtml1/DTD/xhtml1-transitional.dtd">
<html xmlns="http://www.w3.org/1999/xhtml" xml:lang="en" lang="en">
 <head>
  <title>
</title>
<meta http-equiv="Content-Type" content="text/html;charset=utf-8" />
  <meta name='ocr-system' content='tesseract 3.04.00' />
  <meta name='ocr-capabilities' content='ocr_page ocr_carea ocr_par ocr_line ocrx_word'/>
</head>
<body>
  <div class='ocr_page' id='page_1' title='image "./ciuliicaesarisd01bipogoog_0175.png"; bbox 0 0 2876 4572; ppageno 0'>
   <div class='ocr_carea' id='block_1_1' title="bbox 146 363 1393 3929">
    <p class='ocr_par' dir='ltr' id='par_1_1' title="bbox 146 363 1393 3936">
     <span class='ocr_line' id='line_1_1' title="bbox 218 363 1058 476; baseline -0.001 -34"><span class='ocrx_word' id='word_1_1' title='bbox 218 464 224 476; x_wconf 27' lang='lat'><em>!</em></span> <span class='ocrx_word' id='word_1_2' title='bbox 292 364 380 462; x_wconf 13' lang='lat'>&#39;&#39;1&#39;66</span> <span class='ocrx_word' id='word_1_3' title='bbox 419 384 437 392; x_wconf 79' lang='grc'>’“</span> <span class='ocrx_word' id='word_1_4' title='bbox 536 367 611 446; x_wconf 81' lang='lat' dir='ltr'>DE</span> <span class='ocrx_word' id='word_1_5' title='bbox 648 363 835 440; x_wconf 82' lang='lat' dir='ltr'>BELLO</span> <span class='ocrx_word' id='word_1_6' title='bbox 874 367 1058 443; x_wconf 82' lang='lat' dir='ltr'>clvlLl</span> 
     </span>
     <span class='ocr_line' id='line_1_2' title="bbox 265 529 1276 626; baseline 0.002 -22"><span class='ocrx_word' id='word_1_7' title='bbox 265 563 270 570; x_wconf 68' lang='lat'>¹</span> <span class='ocrx_word' id='word_1_8' title='bbox 312 531 428 604; x_wconf 78' lang='lat' dir='ltr'>starios</span> <span class='ocrx_word' id='word_1_9' title='bbox 444 529 603 601; x_wconf 85' lang='lat' dir='ltr'>instituit.</span> <span class='ocrx_word' id='word_1_10' title='bbox 629 529 700 601; x_wconf 89' lang='lat' dir='ltr'>Sed</span> <span class='ocrx_word' id='word_1_11' title='bbox 715 532 868 618; x_wconf 87' lang='lat' dir='ltr'>Laelius,</span> <span class='ocrx_word' id='word_1_12' title='bbox 889 548 1056 626; x_wconf 85' lang='lat' dir='ltr'>tempore</span> <span class='ocrx_word' id='word_1_13' title='bbox 1074 533 1276 606; x_wconf 73' lang='lat' dir='ltr'>enniconi-</span> 
     </span>
     <span class='ocr_line' id='line_1_3' title="bbox 309 641 1276 740; baseline -0.002 -24"><span class='ocrx_word' id='word_1_14' title='bbox 309 643 479 716; x_wconf 85' lang='lat' dir='ltr'>modiore</span> <span class='ocrx_word' id='word_1_15' title='bbox 497 641 578 714; x_wconf 90' lang='lat' dir='ltr'>usus</span> <span class='ocrx_word' id='word_1_16' title='bbox 593 643 639 712; x_wconf 91' lang='lat' dir='ltr'>ad</span> <span class='ocrx_word' id='word_1_17' title='bbox 656 643 920 740; x_wconf 83' lang='lat' dir='ltr'>navigandum,</span> <span class='ocrx_word' id='word_1_18' title='bbox 939 644 1103 718; x_wconf 86' lang='lat' dir='ltr'>onerariis</span> <span class='ocrx_word' id='word_1_19' title='bbox 1124 646 1276 714; x_wconf 84' lang='lat' dir='ltr'>navibus</span> 
     </span>
     <span class='ocr_line' id='line_1_4' title="bbox 309 752 1393 848; baseline 0.003 -24"><span class='ocrx_word' id='word_1_20' title='bbox 309 753 463 847; x_wconf 83' lang='lat' dir='ltr'>Corcyra</span> <span class='ocrx_word' id='word_1_21' title='bbox 494 752 790 846; x_wconf 83' lang='lat' dir='ltr'>Dyrrhachioque</span> <span class='ocrx_word' id='word_1_22' title='bbox 830 777 958 844; x_wconf 89' lang='lat' dir='ltr'>aquam</span> <span class='ocrx_word' id='word_1_23' title='bbox 1001 754 1068 824; x_wconf 90' lang='lat' dir='ltr'>suis</span> <span class='ocrx_word' id='word_1_24' title='bbox 1088 754 1276 848; x_wconf 83' lang='lat' dir='ltr'>supporta-</span> <span class='ocrx_word' id='word_1_25' title='bbox 1392 791 1393 794; x_wconf 40' lang='lat'>¹</span> 
     </span>
     <span class='ocr_line' id='line_1_5' title="bbox 191 861 1276 956; baseline -0.002 -20"><span class='ocrx_word' id='word_1_26' title='bbox 191 905 193 911; x_wconf 38' lang='lat' dir='ltr'><strong><em>s</em></strong></span> <span class='ocrx_word' id='word_1_27' title='bbox 254 894 262 907; x_wconf 69' lang='lat'>¹·</span> <span class='ocrx_word' id='word_1_28' title='bbox 292 863 398 949; x_wconf 74' lang='lat' dir='ltr'>hat,</span> <span class='ocrx_word' id='word_1_29' title='bbox 433 887 552 955; x_wconf 89' lang='lat' dir='ltr'>neque</span> <span class='ocrx_word' id='word_1_30' title='bbox 580 887 600 933; x_wconf 89' lang='lat' dir='ltr'>a</span> <span class='ocrx_word' id='word_1_31' title='bbox 624 863 807 956; x_wconf 78' lang='lat' dir='ltr'>proposito</span> <span class='ocrx_word' id='word_1_32' title='bbox 831 861 1093 950; x_wconf 82' lang='lat' dir='ltr'>deterrebatur,</span> <span class='ocrx_word' id='word_1_33' title='bbox 1127 886 1276 956; x_wconf 87' lang='lat' dir='ltr'>neque,</span> 
     </span>
     <span class='ocr_line' id='line_1_6' title="bbox 248 969 1276 1070; baseline 0.008 -34"><span class='ocrx_word' id='word_1_34' title='bbox 248 1023 265 1036; x_wconf 74' lang='grc'>,.</span> <span class='ocrx_word' id='word_1_35' title='bbox 308 991 391 1042; x_wconf 88' lang='lat' dir='ltr'>ante</span> <span class='ocrx_word' id='word_1_36' title='bbox 423 972 603 1068; x_wconf 90' lang='lat' dir='ltr'>proelium</span> <span class='ocrx_word' id='word_1_37' title='bbox 626 973 663 1046; x_wconf 91' lang='lat' dir='ltr'>in</span> <span class='ocrx_word' id='word_1_38' title='bbox 698 969 867 1042; x_wconf 71' lang='lat' dir='ltr'>Thessalia</span> <span class='ocrx_word' id='word_1_39' title='bbox 891 969 1026 1042; x_wconf 80' lang='lat' dir='ltr'>fassum</span> <span class='ocrx_word' id='word_1_40' title='bbox 1057 973 1276 1070; x_wconf 86' lang='lat' dir='ltr'>cognitum,</span> 
     </span>
     <span class='ocr_line' id='line_1_7' title="bbox 308 1077 1277 1178; baseline 0.001 -27"><span class='ocrx_word' id='word_1_41' title='bbox 308 1097 374 1171; x_wconf 84' lang='lat' dir='ltr'>aut</span> <span class='ocrx_word' id='word_1_42' title='bbox 396 1081 592 1178; x_wconf 76' lang='lat' dir='ltr'>ignominia</span> <span class='ocrx_word' id='word_1_43' title='bbox 614 1077 811 1150; x_wconf 87' lang='lat' dir='ltr'>amissarum</span> <span class='ocrx_word' id='word_1_44' title='bbox 835 1083 1004 1169; x_wconf 89' lang='lat' dir='ltr'>navium,</span> <span class='ocrx_word' id='word_1_45' title='bbox 1039 1097 1103 1152; x_wconf 78' lang='lat' dir='ltr'>aut</span> <span class='ocrx_word' id='word_1_46' title='bbox 1127 1080 1277 1154; x_wconf 84' lang='lat' dir='ltr'>necessa-</span> 
     </span>
     <span class='ocr_line' id='line_1_8' title="bbox 309 1193 1277 1286; baseline 0.002 -26"><span class='ocrx_word' id='word_1_47' title='bbox 309 1193 443 1274; x_wconf 79' lang='lat' dir='ltr'>riarum</span> <span class='ocrx_word' id='word_1_48' title='bbox 474 1215 594 1265; x_wconf 88' lang='lat' dir='ltr'>rernm</span> <span class='ocrx_word' id='word_1_49' title='bbox 615 1193 762 1286; x_wconf 85' lang='lat' dir='ltr'>inopia,</span> <span class='ocrx_word' id='word_1_50' title='bbox 791 1217 838 1262; x_wconf 88' lang='lat' dir='ltr'>ex</span> <span class='ocrx_word' id='word_1_51' title='bbox 861 1211 973 1286; x_wconf 89' lang='lat' dir='ltr'>portu</span> <span class='ocrx_word' id='word_1_52' title='bbox 999 1193 1186 1284; x_wconf 85' lang='lat' dir='ltr'>insulaque</span> <span class='ocrx_word' id='word_1_53' title='bbox 1212 1213 1277 1264; x_wconf 87' lang='lat' dir='ltr'>ex-</span> 
     </span>
     <span class='ocr_line' id='line_1_9' title="bbox 146 1300 1278 1396; baseline 0 -24"><span class='ocrx_word' id='word_1_54' title='bbox 146 1331 150 1339; x_wconf 76' lang='grc'><em>’</em></span> <span class='ocrx_word' id='word_1_55' title='bbox 200 1309 292 1394; x_wconf 46' lang='lat'>&#39;1101</span> <span class='ocrx_word' id='word_1_56' title='bbox 313 1303 408 1396; x_wconf 26' lang='lat' dir='ltr'>pellit</span> <span class='ocrx_word' id='word_1_57' title='bbox 419 1302 558 1396; x_wconf 81' lang='lat' dir='ltr'>potuit·</span> <span class='ocrx_word' id='word_1_58' title='bbox 570 1301 696 1372; x_wconf 85' lang='lat' dir='ltr'>lisdem</span> <span class='ocrx_word' id='word_1_59' title='bbox 723 1300 795 1371; x_wconf 87' lang='lat' dir='ltr'>sere</span> <span class='ocrx_word' id='word_1_60' title='bbox 814 1303 1036 1394; x_wconf 82' lang='lat' dir='ltr'>temporibus</span> <span class='ocrx_word' id='word_1_61' title='bbox 1052 1303 1278 1374; x_wconf 85' lang='lat' dir='ltr'>Cassiuscum</span> 
     </span>
     <span class='ocr_line' id='line_1_10' title="bbox 263 1409 1277 1504; baseline -0.005 -20"><span class='ocrx_word' id='word_1_62' title='bbox 263 1449 266 1458; x_wconf 54' lang='grc'>’</span> <span class='ocrx_word' id='word_1_63' title='bbox 312 1409 412 1484; x_wconf 85' lang='lat' dir='ltr'>classe</span> <span class='ocrx_word' id='word_1_64' title='bbox 433 1409 624 1504; x_wconf 88' lang='lat' dir='ltr'>Syrorum,</span> <span class='ocrx_word' id='word_1_65' title='bbox 647 1409 680 1482; x_wconf 74' lang='lat'>8&lt;</span> <span class='ocrx_word' id='word_1_66' title='bbox 702 1409 949 1492; x_wconf 82' lang='lat' dir='ltr'>Phoenicum,</span> <span class='ocrx_word' id='word_1_67' title='bbox 976 1409 1009 1480; x_wconf 80' lang='lat' dir='ltr'>st</span> <span class='ocrx_word' id='word_1_68' title='bbox 1037 1409 1210 1496; x_wconf 87' lang='lat' dir='ltr'>Cilicum,</span> <span class='ocrx_word' id='word_1_69' title='bbox 1238 1411 1277 1480; x_wconf 92' lang='lat' dir='ltr'>in</span> 
     </span>
     <span class='ocr_line' id='line_1_11' title="bbox 189 1514 1281 1618; baseline -0.005 -25"><span class='ocrx_word' id='word_1_70' title='bbox 189 1607 192 1618; x_wconf 19' lang='grc' dir='ltr'>ἱ</span> <span class='ocrx_word' id='word_1_71' title='bbox 313 1518 467 1593; x_wconf 86' lang='lat' dir='ltr'>Siciliam</span> <span class='ocrx_word' id='word_1_72' title='bbox 496 1519 614 1589; x_wconf 86' lang='lat' dir='ltr'>venit:</span> <span class='ocrx_word' id='word_1_73' title='bbox 652 1518 792 1588; x_wconf 84' lang='lat' dir='ltr'>liceum</span> <span class='ocrx_word' id='word_1_74' title='bbox 818 1515 898 1588; x_wconf 89' lang='lat' dir='ltr'>esset</span> <span class='ocrx_word' id='word_1_75' title='bbox 922 1514 1073 1588; x_wconf 83' lang='lat' dir='ltr'>Caesaris</span> <span class='ocrx_word' id='word_1_76' title='bbox 1092 1519 1197 1590; x_wconf 86' lang='lat' dir='ltr'>clallis</span> <span class='ocrx_word' id='word_1_77' title='bbox 1223 1518 1281 1588; x_wconf 92' lang='lat' dir='ltr'>di·</span> 
     </span>
     <span class='ocr_line' id='line_1_12' title="bbox 264 1629 1277 1724; baseline 0 -22"><span class='ocrx_word' id='word_1_78' title='bbox 264 1671 268 1677; x_wconf 50' lang='lat'><strong><em>⁴</em></strong></span> <span class='ocrx_word' id='word_1_79' title='bbox 312 1630 384 1702; x_wconf 90' lang='lat' dir='ltr'>visa</span> <span class='ocrx_word' id='word_1_80' title='bbox 411 1631 449 1700; x_wconf 90' lang='lat' dir='ltr'>in</span> <span class='ocrx_word' id='word_1_81' title='bbox 473 1629 561 1700; x_wconf 89' lang='lat' dir='ltr'>duas</span> <span class='ocrx_word' id='word_1_82' title='bbox 579 1643 717 1723; x_wconf 87' lang='lat' dir='ltr'>partes,</span> <span class='ocrx_word' id='word_1_83' title='bbox 747 1629 780 1701; x_wconf 85' lang='lat' dir='ltr'>8c</span> <span class='ocrx_word' id='word_1_84' title='bbox 806 1629 975 1708; x_wconf 83' lang='lat' dir='ltr'>dimidiae</span> <span class='ocrx_word' id='word_1_85' title='bbox 998 1632 1089 1722; x_wconf 89' lang='lat' dir='ltr'>parti</span> <span class='ocrx_word' id='word_1_86' title='bbox 1108 1629 1277 1724; x_wconf 79' lang='lat' dir='ltr'>praeesset</span> 
     </span>
     <span class='ocr_line' id='line_1_13' title="bbox 262 1739 1273 1834; baseline -0.004 -18"><span class='ocrx_word' id='word_1_87' title='bbox 262 1775 263 1782; x_wconf 50' lang='lat'>¹</span> <span class='ocrx_word' id='word_1_88' title='bbox 304 1741 351 1816; x_wconf 82' lang='lat' dir='ltr'>P.</span> <span class='ocrx_word' id='word_1_89' title='bbox 380 1739 556 1834; x_wconf 85' lang='lat' dir='ltr'>Sulpicius</span> <span class='ocrx_word' id='word_1_90' title='bbox 586 1761 727 1834; x_wconf 83' lang='lat' dir='ltr'>praetor</span> <span class='ocrx_word' id='word_1_91' title='bbox 750 1741 896 1814; x_wconf 80' lang='lat' dir='ltr'>Vibone</span> <span class='ocrx_word' id='word_1_92' title='bbox 923 1743 968 1812; x_wconf 93' lang='lat' dir='ltr'>ad</span> <span class='ocrx_word' id='word_1_93' title='bbox 992 1742 1148 1829; x_wconf 81' lang='lat' dir='ltr'>fretum,</span> <span class='ocrx_word' id='word_1_94' title='bbox 1171 1742 1273 1812; x_wconf 85' lang='lat' dir='ltr'>dimi·</span> 
     </span>
     <span class='ocr_line' id='line_1_14' title="bbox 313 1839 1279 1944; baseline -0.002 -22"><span class='ocrx_word' id='word_1_95' title='bbox 313 1851 392 1922; x_wconf 80' lang='lat' dir='ltr'>diae</span> <span class='ocrx_word' id='word_1_96' title='bbox 415 1851 465 1924; x_wconf 90' lang='grc' dir='ltr'>Μ.</span> <span class='ocrx_word' id='word_1_97' title='bbox 485 1850 706 1944; x_wconf 88' lang='lat' dir='ltr'>Pomponius</span> <span class='ocrx_word' id='word_1_98' title='bbox 726 1851 771 1920; x_wconf 91' lang='lat' dir='ltr'>ad</span> <span class='ocrx_word' id='word_1_99' title='bbox 795 1839 1010 1937; x_wconf 83' lang='lat' dir='ltr'>Messanam3</span> <span class='ocrx_word' id='word_1_100' title='bbox 1035 1852 1132 1944; x_wconf 89' lang='lat' dir='ltr'>prius</span> <span class='ocrx_word' id='word_1_101' title='bbox 1150 1851 1279 1922; x_wconf 79' lang='lat' dir='ltr'>Cassius</span> 
     </span>
     <span class='ocr_line' id='line_1_15' title="bbox 260 1947 1278 2055; baseline -0.003 -23"><span class='ocrx_word' id='word_1_102' title='bbox 260 1993 262 2000; x_wconf 38' lang='lat' dir='ltr'><strong><em>s</em></strong></span> <span class='ocrx_word' id='word_1_103' title='bbox 310 1961 359 2032; x_wconf 87' lang='lat' dir='ltr'>ad</span> <span class='ocrx_word' id='word_1_104' title='bbox 379 1958 569 2032; x_wconf 78' lang='lat' dir='ltr'>Messanam</span> <span class='ocrx_word' id='word_1_105' title='bbox 594 1959 744 2030; x_wconf 88' lang='lat' dir='ltr'>navibus</span> <span class='ocrx_word' id='word_1_106' title='bbox 766 1961 963 2047; x_wconf 89' lang='lat' dir='ltr'>advolavit,</span> <span class='ocrx_word' id='word_1_107' title='bbox 984 1947 1099 2055; x_wconf 89' lang='lat' dir='ltr'>quam</span> <span class='ocrx_word' id='word_1_108' title='bbox 1117 1960 1278 2054; x_wconf 85' lang='lat' dir='ltr'>Pompo·</span> 
     </span>
     <span class='ocr_line' id='line_1_16' title="bbox 312 2069 1278 2169; baseline -0.005 -26"><span class='ocrx_word' id='word_1_109' title='bbox 312 2071 394 2143; x_wconf 87' lang='lat' dir='ltr'>nius</span> <span class='ocrx_word' id='word_1_110' title='bbox 414 2069 547 2140; x_wconf 89' lang='lat' dir='ltr'>deeius</span> <span class='ocrx_word' id='word_1_111' title='bbox 563 2069 722 2139; x_wconf 90' lang='lat' dir='ltr'>adventu</span> <span class='ocrx_word' id='word_1_112' title='bbox 741 2071 967 2169; x_wconf 86' lang='lat' dir='ltr'>cognosceret</span> <span class='ocrx_word' id='word_1_113' title='bbox 981 2097 990 2155; x_wconf 90' lang='lat'>;</span> <span class='ocrx_word' id='word_1_114' title='bbox 1013 2069 1278 2162; x_wconf 88' lang='lat' dir='ltr'>perturbatum·</span> 
     </span>
     <span class='ocr_line' id='line_1_17' title="bbox 259 2171 1278 2273; baseline -0.007 -21"><span class='ocrx_word' id='word_1_115' title='bbox 259 2229 261 2236; x_wconf 44' lang='grc' dir='ltr'><strong><em>ι</em></strong></span> <span class='ocrx_word' id='word_1_116' title='bbox 313 2177 388 2273; x_wconf 89' lang='lat' dir='ltr'>que</span> <span class='ocrx_word' id='word_1_117' title='bbox 410 2171 494 2250; x_wconf 84' lang='lat' dir='ltr'>eum</span> <span class='ocrx_word' id='word_1_118' title='bbox 520 2173 661 2265; x_wconf 76' lang='lat' dir='ltr'>nasius,</span> <span class='ocrx_word' id='word_1_119' title='bbox 685 2178 791 2252; x_wconf 87' lang='lat' dir='ltr'>nullis</span> <span class='ocrx_word' id='word_1_120' title='bbox 823 2181 1006 2266; x_wconf 87' lang='lat' dir='ltr'>custodiis,</span> <span class='ocrx_word' id='word_1_121' title='bbox 1033 2203 1154 2270; x_wconf 91' lang='lat' dir='ltr'>neque</span> <span class='ocrx_word' id='word_1_122' title='bbox 1180 2176 1278 2250; x_wconf 79' lang='lat' dir='ltr'>ordi·</span> 
     </span>
     <span class='ocr_line' id='line_1_18' title="bbox 312 2287 1278 2383; baseline -0.001 -27"><span class='ocrx_word' id='word_1_123' title='bbox 312 2287 422 2364; x_wconf 85' lang='lat' dir='ltr'>nibus</span> <span class='ocrx_word' id='word_1_124' title='bbox 449 2289 569 2374; x_wconf 89' lang='lat' dir='ltr'>certis,</span> <span class='ocrx_word' id='word_1_125' title='bbox 596 2312 727 2383; x_wconf 81' lang='lat' dir='ltr'>magno</span> <span class='ocrx_word' id='word_1_126' title='bbox 747 2307 858 2358; x_wconf 89' lang='lat' dir='ltr'>vento</span> <span class='ocrx_word' id='word_1_127' title='bbox 886 2288 1096 2366; x_wconf 78' lang='lat' dir='ltr'>&amp;secundo</span> <span class='ocrx_word' id='word_1_128' title='bbox 1119 2289 1278 2380; x_wconf 87' lang='lat' dir='ltr'>comple·</span> 
     </span>
     <span class='ocr_line' id='line_1_19' title="bbox 260 2395 1277 2490; baseline -0.004 -22"><span class='ocrx_word' id='word_1_129' title='bbox 260 2397 264 2408; x_wconf 80' lang='lat'><em>&#39;</em></span> <span class='ocrx_word' id='word_1_130' title='bbox 288 2427 289 2439; x_wconf 54' lang='lat'>¹</span> <span class='ocrx_word' id='word_1_131' title='bbox 313 2414 366 2472; x_wconf 82' lang='lat' dir='ltr'>tas</span> <span class='ocrx_word' id='word_1_132' title='bbox 390 2397 561 2468; x_wconf 85' lang='lat' dir='ltr'>onerarias</span> <span class='ocrx_word' id='word_1_133' title='bbox 581 2400 693 2470; x_wconf 87' lang='lat' dir='ltr'>naves</span> <span class='ocrx_word' id='word_1_134' title='bbox 707 2395 827 2484; x_wconf 88' lang='lat' dir='ltr'>taeda,</span> <span class='ocrx_word' id='word_1_135' title='bbox 848 2397 879 2466; x_wconf 76' lang='lat' dir='ltr'>st</span> <span class='ocrx_word' id='word_1_136' title='bbox 903 2396 1004 2490; x_wconf 87' lang='lat' dir='ltr'>pice,</span> <span class='ocrx_word' id='word_1_137' title='bbox 1026 2396 1277 2488; x_wconf 51' lang='lat' dir='ltr'>&amp;stupefie-</span> 
     </span>
     <span class='ocr_line' id='line_1_20' title="bbox 222 2495 1279 2602; baseline -0.005 -21"><span class='ocrx_word' id='word_1_138' title='bbox 222 2587 231 2596; x_wconf 53' lang='lat'>‚</span> <span class='ocrx_word' id='word_1_139' title='bbox 312 2495 495 2602; x_wconf 76' lang='lat' dir='ltr'>liquitque</span> <span class='ocrx_word' id='word_1_140' title='bbox 530 2506 665 2593; x_wconf 88' lang='lat' dir='ltr'>rebus,</span> <span class='ocrx_word' id='word_1_141' title='bbox 707 2530 800 2599; x_wconf 87' lang='lat' dir='ltr'>quae</span> <span class='ocrx_word' id='word_1_142' title='bbox 830 2506 985 2576; x_wconf 83' lang='lat' dir='ltr'>suntad</span> <span class='ocrx_word' id='word_1_143' title='bbox 1015 2505 1208 2592; x_wconf 86' lang='lat' dir='ltr'>incendia,</span> <span class='ocrx_word' id='word_1_144' title='bbox 1238 2505 1279 2576; x_wconf 91' lang='lat' dir='ltr'>in</span> 
     </span>
     <span class='ocr_line' id='line_1_21' title="bbox 313 2614 1279 2710; baseline -0.005 -21"><span class='ocrx_word' id='word_1_145' title='bbox 313 2617 600 2710; x_wconf 86' lang='lat' dir='ltr'>Pomponianam</span> <span class='ocrx_word' id='word_1_146' title='bbox 619 2614 758 2708; x_wconf 83' lang='lat' dir='ltr'>classem</span> <span class='ocrx_word' id='word_1_147' title='bbox 772 2615 935 2703; x_wconf 80' lang='lat' dir='ltr'>immisit,</span> <span class='ocrx_word' id='word_1_148' title='bbox 952 2635 1061 2710; x_wconf 86' lang='lat' dir='ltr'>atque</span> <span class='ocrx_word' id='word_1_149' title='bbox 1080 2639 1279 2696; x_wconf 78' lang='lat' dir='ltr'>omnesna·</span> 
     </span>
     <span class='ocr_line' id='line_1_22' title="bbox 313 2726 1279 2824; baseline -0.004 -25"><span class='ocrx_word' id='word_1_150' title='bbox 313 2749 376 2799; x_wconf 81' lang='lat' dir='ltr'>ves</span> <span class='ocrx_word' id='word_1_151' title='bbox 394 2728 556 2800; x_wconf 87' lang='lat' dir='ltr'>incendit</span> <span class='ocrx_word' id='word_1_152' title='bbox 574 2747 684 2800; x_wconf 80' lang='lat' dir='ltr'><strong>xxxv</strong></span> <span class='ocrx_word' id='word_1_153' title='bbox 701 2730 708 2796; x_wconf 75' lang='lat' dir='ltr'>&#39;z</span> <span class='ocrx_word' id='word_1_154' title='bbox 728 2753 752 2798; x_wconf 88' lang='lat' dir='ltr'>e</span> <span class='ocrx_word' id='word_1_155' title='bbox 774 2726 907 2820; x_wconf 89' lang='lat' dir='ltr'>quibus</span> <span class='ocrx_word' id='word_1_156' title='bbox 934 2726 1033 2824; x_wconf 85' lang='lat' dir='ltr'>erant</span> <span class='ocrx_word' id='word_1_157' title='bbox 1053 2747 1105 2799; x_wconf 84' lang='lat' dir='ltr'>xx</span> <span class='ocrx_word' id='word_1_158' title='bbox 1126 2727 1279 2810; x_wconf 74' lang='lat' dir='ltr'>conlisa·</span> 
     </span>
     <span class='ocr_line' id='line_1_23' title="bbox 236 2830 1279 2930; baseline -0.005 -20"><span class='ocrx_word' id='word_1_159' title='bbox 236 2889 239 2900; x_wconf 53' lang='lat'><em>2</em></span> <span class='ocrx_word' id='word_1_160' title='bbox 314 2851 389 2916; x_wconf 76' lang='lat' dir='ltr'>tae:</span> <span class='ocrx_word' id='word_1_161' title='bbox 408 2830 602 2930; x_wconf 44' lang='lat' dir='ltr'>&#39;tantusque</span> <span class='ocrx_word' id='word_1_162' title='bbox 623 2863 667 2907; x_wconf 93' lang='lat' dir='ltr'>eo</span> <span class='ocrx_word' id='word_1_163' title='bbox 684 2831 775 2908; x_wconf 74' lang='lat' dir='ltr'>sasso</span> <span class='ocrx_word' id='word_1_164' title='bbox 794 2837 904 2909; x_wconf 88' lang='lat' dir='ltr'>timor</span> <span class='ocrx_word' id='word_1_165' title='bbox 923 2836 1055 2912; x_wconf 80' lang='lat' dir='ltr'>incessu</span> <span class='ocrx_word' id='word_1_166' title='bbox 1067 2856 1084 2922; x_wconf 72' lang='lat' dir='ltr'>,j</span> <span class='ocrx_word' id='word_1_167' title='bbox 1107 2852 1171 2922; x_wconf 86' lang='lat' dir='ltr'>ut,</span> <span class='ocrx_word' id='word_1_168' title='bbox 1193 2861 1279 2910; x_wconf 87' lang='lat' dir='ltr'>cum</span> 
     </span>
     <span class='ocr_line' id='line_1_24' title="bbox 211 2947 1279 3048; baseline -0.007 -25"><span class='ocrx_word' id='word_1_169' title='bbox 211 2963 216 2974; x_wconf 87' lang='lat'>&#39;</span> <span class='ocrx_word' id='word_1_170' title='bbox 315 2948 401 3022; x_wconf 81' lang='lat' dir='ltr'>esset</span> <span class='ocrx_word' id='word_1_171' title='bbox 421 2951 514 3048; x_wconf 81' lang='lat' dir='ltr'>legio</span> <span class='ocrx_word' id='word_1_172' title='bbox 532 2949 704 3044; x_wconf 79' lang='lat' dir='ltr'>praesidio</span> <span class='ocrx_word' id='word_1_173' title='bbox 725 2947 917 3036; x_wconf 82' lang='lat' dir='ltr'>Messanae,</span> <span class='ocrx_word' id='word_1_174' title='bbox 934 2951 995 3020; x_wconf 85' lang='lat' dir='ltr'>vix</span> <span class='ocrx_word' id='word_1_175' title='bbox 1010 2949 1190 3042; x_wconf 92' lang='lat' dir='ltr'>oppidum</span> <span class='ocrx_word' id='word_1_176' title='bbox 1205 2949 1279 3034; x_wconf 50' lang='lat' dir='ltr'>,deq</span> 
     </span>
     <span class='ocr_line' id='line_1_25' title="bbox 314 3057 1279 3154; baseline -0.004 -22"><span class='ocrx_word' id='word_1_177' title='bbox 314 3057 549 3139; x_wconf 75' lang='lat' dir='ltr'>sendereturr</span> <span class='ocrx_word' id='word_1_178' title='bbox 582 3061 634 3146; x_wconf 79' lang='lat' dir='ltr'>st,</span> <span class='ocrx_word' id='word_1_179' title='bbox 660 3061 732 3154; x_wconf 51' lang='lat' dir='ltr'>¹nisr</span> <span class='ocrx_word' id='word_1_180' title='bbox 762 3086 805 3132; x_wconf 87' lang='lat' dir='ltr'>eo</span> <span class='ocrx_word' id='word_1_181' title='bbox 830 3059 907 3153; x_wconf 89' lang='lat' dir='ltr'>ipso</span> <span class='ocrx_word' id='word_1_182' title='bbox 937 3079 1101 3153; x_wconf 87' lang='lat' dir='ltr'>tempore</span> <span class='ocrx_word' id='word_1_183' title='bbox 1130 3059 1279 3154; x_wconf 88' lang='lat' dir='ltr'>quidam</span> 
     </span>
     <span class='ocr_line' id='line_1_26' title="bbox 274 3165 1281 3264; baseline 0.002 -26"><span class='ocrx_word' id='word_1_184' title='bbox 274 3193 276 3200; x_wconf 80' lang='grc'><strong>’</strong></span> <span class='ocrx_word' id='word_1_185' title='bbox 303 3168 437 3242; x_wconf 87' lang='lat' dir='ltr'>nuntii</span> <span class='ocrx_word' id='word_1_186' title='bbox 464 3169 509 3241; x_wconf 85' lang='lat' dir='ltr'>de</span> <span class='ocrx_word' id='word_1_187' title='bbox 537 3168 687 3247; x_wconf 80' lang='lat' dir='ltr'>Caesaris</span> <span class='ocrx_word' id='word_1_188' title='bbox 712 3165 855 3242; x_wconf 77' lang='lat' dir='ltr'>vissoria</span> <span class='ocrx_word' id='word_1_189' title='bbox 880 3196 945 3264; x_wconf 90' lang='lat' dir='ltr'>per</span> <span class='ocrx_word' id='word_1_190' title='bbox 971 3171 1156 3264; x_wconf 74' lang='lat' dir='ltr'>dispositos</span> <span class='ocrx_word' id='word_1_191' title='bbox 1180 3173 1281 3263; x_wconf 88' lang='lat' dir='ltr'>equi-</span> 
     </span>
     <span class='ocr_line' id='line_1_27' title="bbox 316 3276 1280 3374; baseline 0.003 -25"><span class='ocrx_word' id='word_1_192' title='bbox 316 3293 370 3350; x_wconf 85' lang='lat' dir='ltr'>tes</span> <span class='ocrx_word' id='word_1_193' title='bbox 397 3276 505 3350; x_wconf 89' lang='lat' dir='ltr'>elsent</span> <span class='ocrx_word' id='word_1_194' title='bbox 525 3281 638 3366; x_wconf 88' lang='lat' dir='ltr'>allati,</span> <span class='ocrx_word' id='word_1_195' title='bbox 660 3281 904 3354; x_wconf 83' lang='lat' dir='ltr'>existimabant</span> <span class='ocrx_word' id='word_1_196' title='bbox 918 3283 1097 3374; x_wconf 83' lang='lat' dir='ltr'>plerique,</span> <span class='ocrx_word' id='word_1_197' title='bbox 1116 3280 1280 3352; x_wconf 89' lang='lat' dir='ltr'>futurum</span> 
     </span>
     <span class='ocr_line' id='line_1_28' title="bbox 316 3383 1370 3483; baseline 0.002 -23"><span class='ocrx_word' id='word_1_198' title='bbox 316 3383 436 3472; x_wconf 82' lang='lat' dir='ltr'>fuisse,</span> <span class='ocrx_word' id='word_1_199' title='bbox 453 3388 740 3460; x_wconf 74' lang='lat' dir='ltr'>tit-amitteretur.</span> <span class='ocrx_word' id='word_1_200' title='bbox 773 3385 845 3458; x_wconf 87' lang='lat' dir='ltr'>Sed</span> <span class='ocrx_word' id='word_1_201' title='bbox 870 3389 1162 3483; x_wconf 78' lang='lat' dir='ltr'>opportunissime</span> <span class='ocrx_word' id='word_1_202' title='bbox 1181 3414 1281 3461; x_wconf 88' lang='lat' dir='ltr'>nun-</span> <span class='ocrx_word' id='word_1_203' title='bbox 1366 3437 1370 3444; x_wconf 92' lang='lat'>-</span> 
     </span>
     <span class='ocr_line' id='line_1_29' title="bbox 317 3493 1279 3591; baseline 0.001 -23"><span class='ocrx_word' id='word_1_204' title='bbox 317 3493 373 3584; x_wconf 75' lang='lat' dir='ltr'>tiis</span> <span class='ocrx_word' id='word_1_205' title='bbox 397 3495 527 3582; x_wconf 87' lang='lat' dir='ltr'>allatis,</span> <span class='ocrx_word' id='word_1_206' title='bbox 551 3497 728 3591; x_wconf 83' lang='lat' dir='ltr'>oppidum</span> <span class='ocrx_word' id='word_1_207' title='bbox 751 3496 819 3568; x_wconf 88' lang='lat' dir='ltr'>fnit</span> <span class='ocrx_word' id='word_1_208' title='bbox 844 3497 1052 3584; x_wconf 87' lang='lat' dir='ltr'>defensum,</span> <span class='ocrx_word' id='word_1_209' title='bbox 1075 3497 1279 3591; x_wconf 79' lang='lat' dir='ltr'>Cassiusque</span> 
     </span>
     <span class='ocr_line' id='line_1_30' title="bbox 315 3597 1310 3700; baseline 0 -22"><span class='ocrx_word' id='word_1_210' title='bbox 315 3602 364 3678; x_wconf 85' lang='lat' dir='ltr'>ad</span> <span class='ocrx_word' id='word_1_211' title='bbox 380 3597 618 3700; x_wconf 84' lang='lat' dir='ltr'>Sulpicianam</span> <span class='ocrx_word' id='word_1_212' title='bbox 636 3608 722 3681; x_wconf 85' lang='lat' dir='ltr'>inde</span> <span class='ocrx_word' id='word_1_213' title='bbox 743 3606 880 3679; x_wconf 86' lang='lat' dir='ltr'>classem</span> <span class='ocrx_word' id='word_1_214' title='bbox 902 3606 1080 3699; x_wconf 76' lang='lat' dir='ltr'>professus</span> <span class='ocrx_word' id='word_1_215' title='bbox 1100 3612 1147 3679; x_wconf 81' lang='lat' dir='ltr'>ess</span> <span class='ocrx_word' id='word_1_216' title='bbox 1165 3609 1280 3683; x_wconf 85' lang='lat' dir='ltr'>Vibo·</span> <span class='ocrx_word' id='word_1_217' title='bbox 1305 3687 1310 3691; x_wconf 52' lang='grc'><em>,</em></span> 
     </span>
     <span class='ocr_line' id='line_1_31' title="bbox 316 3720 1342 3822; baseline -0.002 -30"><span class='ocrx_word' id='word_1_218' title='bbox 316 3743 421 3805; x_wconf 65' lang='lat' dir='ltr'>neme</span> <span class='ocrx_word' id='word_1_219' title='bbox 432 3720 689 3814; x_wconf 86' lang='lat' dir='ltr'>applicatisque</span> <span class='ocrx_word' id='word_1_220' title='bbox 701 3722 809 3796; x_wconf 85' lang='lat' dir='ltr'>nostri</span> <span class='ocrx_word' id='word_1_221' title='bbox 822 3722 866 3792; x_wconf 92' lang='lat' dir='ltr'>ad</span> <span class='ocrx_word' id='word_1_222' title='bbox 881 3737 1008 3792; x_wconf 84' lang='lat' dir='ltr'>terram</span> <span class='ocrx_word' id='word_1_223' title='bbox 1023 3721 1281 3813; x_wconf 74' lang='lat' dir='ltr'>navibus,pro·</span> <span class='ocrx_word' id='word_1_224' title='bbox 1339 3816 1342 3822; x_wconf 20' lang='grc'>1</span> 
     </span>
     <span class='ocr_line' id='line_1_32' title="bbox 316 3825 1281 3929; baseline -0.003 -27"><span class='ocrx_word' id='word_1_225' title='bbox 316 3847 399 3929; x_wconf 81' lang='lat' dir='ltr'>pter</span> <span class='ocrx_word' id='word_1_226' title='bbox 423 3831 581 3908; x_wconf 87' lang='lat' dir='ltr'>eundem</span> <span class='ocrx_word' id='word_1_227' title='bbox 612 3833 780 3908; x_wconf 84' lang='lat' dir='ltr'>timorem</span> <span class='ocrx_word' id='word_1_228' title='bbox 804 3832 880 3927; x_wconf 86' lang='lat' dir='ltr'>pari</span> <span class='ocrx_word' id='word_1_229' title='bbox 909 3825 1022 3925; x_wconf 84' lang='lat' dir='ltr'>atque</span> <span class='ocrx_word' id='word_1_230' title='bbox 1043 3849 1146 3915; x_wconf 81' lang='lat' dir='ltr'>antea</span> <span class='ocrx_word' id='word_1_231' title='bbox 1170 3831 1281 3906; x_wconf 84' lang='lat' dir='ltr'>ratio-</span> 
     </span>
    </p>
   </div>
   <div class='ocr_carea' id='block_1_2' title="bbox 0 0 1450 4572">
    <p class='ocr_par' dir='ltr' id='par_1_2' title="bbox 0 0 1450 4572">
     <span class='ocr_line' id='line_1_33' title="bbox 0 0 1450 4572; baseline 0 0"><span class='ocrx_word' id='word_1_232' title='bbox 0 0 1450 4572; x_wconf 95' lang='lat' dir='ltr'> </span> 
     </span>
    </p>
   </div>
  </div>
 </body>
</html>
