2876 4572
320 325 472 448 nt'
598 341 1038 440 brantio

319 528 418 604 sensu
434 528 549 627 gentis
569 527 663 602 illiue
679 526 861 620 habeatur
881 525 927 598 Id
949 525 1089 598 homini
1105 524 1290 606 nobiliffiaf
1417 590 1422 600 ,

316 664 381 712 rno
408 637 606 734 Lycomedi
628 636 786 732 Bithyno
802 633 1038 720 adiudicavit,
1064 638 1148 728 qui,
1170 634 1272 732 regio

308 745 577 842 cappadocum
611 768 738 844 genere
772 764 884 834 ortus,
917 761 1066 840 propter
1090 743 1273 816 adversam

316 858 499 942 fortunam
519 855 693 931 maiorum
712 854 858 927 suorum
880 853 1192 950 mutationemque
1216 870 1278 950 geg

315 968 427 1054 neris,
454 969 530 1048 iure
552 965 701 1038 minime
716 964 858 1054 dubio,
880 965 1051 1038 vetustate
1072 979 1192 1034 tamen
1212 963 1286 1034 in·'

317 1074 492 1162 termisso,
510 1073 743 1154 sacerdotium
770 1073 809 1143 ιιι
821 1073 1014 1166 repetebat
1033 1073 1189 1144 Fratrem
1204 1096 1273 1142 au·

220 1191 222 1197 ’
317 1203 393 1258 tem
417 1183 658 1258 Ariobarzanis
682 1183 909 1270 Ariarathen,
940 1206 1024 1254 cum
1045 1182 1139 1254 bene
1164 1179 1274 1253 meri·
1279 1251 1282 1256 .

316 1315 374 1372 tua
390 1314 543 1390 uterque
573 1318 713 1366 eorum
728 1293 774 1366 de
794 1275 978 1386 republica
1005 1291 1107 1380 ellet,
1133 1315 1181 1362 ne
1205 1305 1270 1362 aut

314 1429 415 1505 regni
403 1402 605 1476 hereditas
630 1400 836 1478 Ariarathen
860 1400 1087 1488 sollicitaret,
1116 1413 1179 1470 aut
1203 1400 1271 1470 he·

315 1542 369 1599 res
390 1516 499 1616 regni
513 1527 686 1613 terreret,
718 1511 945 1584 Ariobarzani
977 1511 1167 1599 attribuit,
1200 1509 1268 1604 qui

315 1625 433 1700 sub
404 1649 478 1696 etue
496 1622 647 1715 imperio
666 1645 706 1692 ac
724 1621 862 1692 ditione
883 1617 981 1691 esset:
973 1619 1096 1714 ·ipse
1087 1635 1154 1690 tter
1169 1616 1268 1718 ince-

249 1727 333 1833 67
315 1749 422 1830 ptum
435 1731 537 1802 simili
548 1731 734 1822 telocitate
746 1730 920 1802 conficere
933 1729 1064 1823 coepit.
1080 1727 1174 1798 Cum
1190 1750 1273 1820 pro».

270 1933 274 1946 .
314 1844 396 1940 pins
421 1843 579 1914 Pontum
604 1817 764 1944 finesque
782 1821 1039 1937 Gallograeciae
1064 1833 1268 1923 acceffiffet,
1343 1837 1347 1855 ’

316 1943 526 2042 Deiotarus,
561 1953 749 2024 tetrarches
774 1951 1031 2074 Gallograeciae
1072 1967 1161 2022 tunc
1185 1943 1273 2043 ’qui-

315 2067 404 2138 dem
420 2087 545 2166 paene
544 2061 676 2149 totius,
698 2060 873 2156 (quod
844 2085 876 2132 et
896 2083 1017 2168 neque
1035 2061 1191 2160 legibue,
1206 2084 1271 2137 ne·

315 2201 389 2270 que
405 2157 564 2248 moribus
578 2172 776 2250 concessum
787 2171 852 2244 else
864 2171 970 2258 ceteri
983 2173 1173 2244 tetrarchae
1185 2195 1267 2242 con·

315 2282 559 2412 tendebant,)
589 2284 660 2354 fine
696 2283 810 2354 dnbio
834 2299 953 2352 autem
984 2306 1049 2356 rex
1077 2279 1268 2356 Armeniae

314 2395 463 2471 miinoris
476 2394 521 2464 ab
538 2395 660 2464 senatu
676 2393 890 2486 appellatus,
911 2391 1074 2486 depositis
1096 2392 1196 2490 regiis
1216 2393 1268 2464 in·
1368 2417 1370 2426 ’

141 2596 145 2609 .
263 2595 266 2600 ⁵
314 2508 489 2612 fignibur,
511 2527 630 2597 neque
648 2521 788 2578 tantum
809 2503 948 2596 privato
967 2502 1112 2596 vestitu,
1135 2503 1198 2574 sed
1215 2518 1269 2572 et·

315 2622 385 2692 iarn
399 2642 543 2690 reorum
560 2618 703 2700 habitu,
720 2599 871 2712 supplex
888 2615 933 2686 ad
949 2615 1129 2688 Caesarem
1143 2615 1267 2708 venit,

316 2741 478 2809 oratum,
501 2740 539 2793 ut
552 2723 585 2818 s
574 2723 617 2794 ιι
638 2723 833 2816 ignosceret.
863 2725 978 2819 quod
966 2751 998 2794 m
1015 2750 1053 2794 ea
1059 2743 1246 2824 parter
1179 2718 1268 2824 past-

316 2849 569 2912 terrenarum.
591 2856 671 2927 quae
684 2831 776 2912 nulla
784 2832 947 2928 praefidia
970 2831 1115 2926 Caesaris
1137 2832 1198 2903 hab
1195 2835 1267 2927 uff-

303 2942 379 3034 Jet,
405 2939 597 3021 exercitibus
618 2939 818 3036 iuuenisque
840 2943 876 3010 ιἰι
897 2940 964 3018 Cn.
991 2929 1135 3038 Pompeii
1155 2937 1267 3036 cctssrir

305 3048 444 3147 suiffet:
469 3071 566 3145 neque
586 3045 721 3139 enimse
739 3046 877 3117 iudicem
905 3047 960 3120 deb
943 3047 1036 3144 ιιιΨι
1059 3049 1116 3143 Ψι
1134 3055 1265 3128 contro-

313 3155 489 3252 perstarem
516 3154 652 3258 populi
650 3153 806 3228 Romani.
822 3155 888 3248 sed
909 3181 1027 3254 parere
1045 3157 1264 3254 praesentibus

252 3260 329 3336 68
316 3268 468 3363 tmperiir,
495 3255 627 3333 Contra
647 3285 758 3354 quem
782 3261 904 3335 caesar
927 3287 1011 3334 cum
1036 3265 1189 3358 plurima
1204 3257 1266 3336 sua

315 3369 621 3464 commemorasset
642 3372 773 3458 officia,
787 3395 896 3464 .quae
922 3373 1094 3464 consul
1063 3399 1098 3445 et
1117 3359 1268 3469 decretio

313 3475 466 3574 publicis
481 3459 672 3565 tribuisset,
695 3505 854 3572 cumque
875 3457 1130 3576 defessionem
1100 3509 1168 3554 erus
1191 3461 1273 3571 nal-

313 3589 382 3662 sam
394 3588 477 3685 poffe
499 3589 732 3682 excusationem
747 3590 854 3684 [aiter]
874 3591 1104 3690 imprudentiae
1124 3597 1265 3695 recipere

314 3695 537 3808 coarguisset;
562 3699 644 3793 quad
665 3695 754 3768 hama
780 3715 890 3770 ιιιιτιιι
913 3701 1104 3817 prudentiae
1123 3727 1163 3772 aa
1186 3701 1266 3772 dili·

309 3810 443 3902 gratiae
463 3807 552 3902 seire
571 3809 739 3906 patefiet.
767 3813 839 3906 quis
861 3773 969 3882 arbem
995 3811 1191 3910 Italiamque
1216 3827 1266 3883 te·
