2876 4572
427 361 673 440 are-en
721 355 807 436 111.
861 415 865 427 .
933 334 936 346 '
1026 322 1130 466 ιη’

148 530 384 626 bingionum,
415 529 449 600 te
469 552 571 627 poene
586 527 662 622 'fine
684 526 834 600 uulnere.
858 521 972 598 beilum
993 523 1100 623 eonfi-

147 644 276 714 oiemus.
289 639 332 712 1o
344 655 450 709 eutem
470 637 599 729 difficile
617 661 678 707 non
696 635 761 728 eli.
791 659 863 704 cum
879 651 1004 704 tontum
1022 637 1101 729 equi·

149 770 224 824 tatu
245 750 419 823 ualeamus.
452 745 568 818 Simul
589 742 832 818 denuntiavit.
857 763 895 816 ut
915 739 1010 838 effent
1033 747 1104 816 nni·

149 883 202 934 mo
225 860 340 957 parati
365 859 399 926 in
428 856 606 952 posterum
634 856 689 928 o.
718 855 865 948 quoniam
883 857 985 948 fieret
1008 853 1104 922 dimi·
1178 894 1181 912 ι

149 967 414 1066 aaudipotestas,
440 983 477 1036 ut
490 961 589 1064 saepe
614 957 855 1058 eogituoiffent.
883 988 923 1033 ne
949 961 1007 1053 usu
1033 989 1105 1034 mu·

151 1105 257 1176 nuque
284 1079 476 1174 reliquorum
506 1079 681 1173 opinionem
700 1074 871 1172 salierunt.
902 1071 1012 1142 Hunc
1037 1074 1103 1146 La·
1122 1075 1169 1168 87

151 1188 279 1260 bienus
304 1183 467 1278 excepit;
491 1181 541 1269 8c,
566 1205 650 1254 cum
673 1177 821 1252 Caesarie
849 1178 975 1279 copias]
991 1179 1105 1273 despi-

153 1312 268 1392 eeret,
291 1292 452 1385 Pompeii
479 1290 664 1362 donfilium
689 1288 834 1360 summis
864 1289 1029 1362 laudibus
1052 1291 1105 1362 ef·
1215 1319 1218 1326 ¹

153 1408 282 1492 ferret,
307 1404 406 1478 Noti,
432 1403 570 1495 inquit,
603 1403 800 1496 existimare.
825 1401 980 1498 Pompei.
1020 1401 1105 1472 hunc
1132 1437 1138 1444 ⁴

154 1516 215 1612 effla
228 1515 423 1586 exereitum,
444 1515 507 1608 'qui
531 1511 672 1580 Galliam
698 1509 963 1604 Germaniamque
984 1509 1107 1583 device-

154 1630 212 1697 rit.
249 1623 399 1694 Omnibus
423 1621 560 1720 interfui
577 1622 729 1720 proeliis;
757 1645 854 1717 neque
877 1635 990 1690 temere
1004 1625 1108 1690 inco·

154 1736 286 1828 gnitum
308 1756 373 1800 rem
394 1733 575 1827 pronuntio.
600 1730 785 1822 Perexo‘gue
811 1755 889 1827 pons
907 1730 996 1799 illiue
1017 1754 1109 1799 exer·

156 1849 242 1919 citus
252 1843 415 1940 superest.
444 1865 563 1932 magno
582 1866 659 1938 pars
687 1841 839 1938 deperiit:
865 1840 947 1936 quod
966 1841 1109 1910 occidere

158 1971 208 2024 tot
221 1953 354 2051 proeliis
365 1951 441 2048 suit
464 1951 596 2046 neeeffe:
621 1943 739 2021 multos
766 1953 913 2022 autumni
927 1953 1109 2050 pestilentia

157 2063 192 2132 in
213 2063 316 2130 italio
338 2049 520 2153 consuonfit,
537 2061 632 2128 multi
646 2060 770 2130 domum
781 2061 1004 2155 discefferunt,
1025 2059 1110 2128 mul-

157 2176 188 2242 ti
198 2172 282 2263 sunt
300 2171 404 2240 rolino·
431 2172 464 2239 in
482 2171 665 2239 continenti.
692 2171 743 2238 An
767 2193 828 2240 non
849 2169 1050 2263 exaudistis:
1069 2193 1111 2240 en
1164 2182 1167 2191 '

160 2270 219 2355 iio.
243 2281 298 2377 qui
317 2303 376 2377 per
397 2279 524 2372 consum
541 2279 984 2373 ualetudinioretnunserunt,
1001 2279 1112 2350 cohor-

160 2406 209 2460 tes
224 2389 281 2483 effe
295 2387 583 2485 Brundzfiisaiios
596 2393 618 2457 i
631 2386 707 2458 Hae
717 2390 843 2486 copiae,
869 2413 949 2484 quos
971 2389 1106 2462 uidetis.

159 2524 203 2568 ex
224 2497 388 2566 dileiiibns
411 2496 521 2566 iorum
539 2521 695 2566 annorum
707 2500 740 2566 in
756 2498 899 2566 citeriore
912 2496 1112 2590 Galliosunt

160 2607 320 2705 rofeilae.
346 2609 377 2676 in
386 2607 532 2704 plerique
540 2605 625 2699 sunt
640 2631 680 2678 ex
697 2606 827 2676 coloniis
852 2605 1112 2706 Transpadanis.-

160 2737 324 2794 attumen,
347 2719 507 2818 quodfuit
524 2721 666 2794 roboris,
685 2720 803 2790 duobus
813 2721 945 2817 proeliis
961 2720 1112 2816 Dpnrio·

162 2827 268 2899 oiinis
292 2830 426 2898 interiit.
462 2827 560 2898 Haec
589 2853 678 2898 cum
701 2826 857 2914 dixiffet,
883 2828 1027 2915 iuravit,
1048 2829 1112 2920 se.

164 2941 227 3035 nffi
245 2941 412 3012 uitioremss
441 2942 473 3009 in
496 2942 598 3034 cessro
621 2941 695 3010 non
708 2939 926 3032 reuersurum:
945 2940 1116 3030 reliquos·
1229 2933 1232 2936 ’

161 3071 264 3141 que,
288 3064 330 3116 ut
355 3045 452 3116 idem
473 3047 651 3134 facerent,
674 3049 833 3118 hortatus
857 3047 913 3116 est.
938 3048 1017 3116 Hoc
1040 3049 1115 3116 lau·

163 3155 254 3226 dans
277 3152 487 3246 Pompeius,
512 3153 607 3223 idem
633 3155 770 3224 iuravit.
795 3153 873 3224 Nec
889 3175 974 3224 vero
997 3177 1042 3222 ex
1060 3175 1117 3222 re-

166 3267 273 3358 liquis
288 3263 357 3335 fuit
372 3265 583 3358 quiequam,
603 3268 666 3359 qui
684 3272 795 3338 iurare
814 3266 1001 3346 dubitaret.
1017 3265 1117 3338 Haeo

166 3400 250 3448 tum
267 3369 354 3444 faiia
374 3372 488 3444 effent'
501 3377 539 3444 in
560 3377 726 3460 consilio,
768 3397 893 3471 magna
912 3374 972 3469 spe
993 3363 1025 3445 ic
1047 3376 1120 3444 lae·
1211 3431 1218 3440 ,

168 3485 439 3582 ῑὶῑὶαιοωηίυιῐι
468 3484 650 3556 disceffum
674 3487 741 3556 est:
767 3510 805 3555 ac
835 3485 904 3556 iam
923 3487 1039 3556 animo
1065 3484 1119 3554 vi·

166 3589 317 3665 &oriam
345 3593 627 3687 praecipiebant,
664 3594 765 3687 quod
787 3594 833 3664 de
855 3619 892 3664 re
912 3579 1074 3676 tantis&
1097 3613 1119 3658 a

170 3720 245 3774 tam
264 3705 379 3794 perito
402 3705 635 3797 imperatore,
670 3705 759 3772 nihil
781 3702 899 3777 frustra
923 3695 1121 3769 confirmari

51 3825 55 3831 ’
101 3895 111 3916 x
170 3809 369 3882 videbatur.
401 3811 542 3904 caesar,
560 3833 660 3884 ¹cum
678 3810 841 3906 Pompeii
862 3807 972 3884 castris
993 3827 1121 3902 appio·
1138 3797 1186 3887 88,
