2858 4572
337 325 347 392 f
443 356 678 436 ιιιιιιιι
726 358 781 434 ιι·
1046 385 1096 463 ,9
1165 443 1169 448 ,

132 513 256 594 Attius
275 517 479 594 reficiendar
505 521 610 594 huius
633 523 721 594 belli
742 519 841 596 causa
862 524 1092 621 curaveram)
1152 509 1154 518 ¹

105 629 340 724 “veritusque
365 632 512 706 navium
537 633 837 723 multitudinem,
869 657 914 704 ex
942 636 1014 706 alto
1037 659 1094 706 re·

28 820 30 822 v
130 739 289 839 fugerat,
313 741 534 836 appulsaque
553 743 599 814 ad
618 743 826 838 proximum
850 744 933 817 litus
952 745 1093 818 trireme

128 847 321 937 constrata,
350 849 381 922 8c
402 851 441 922 in
460 853 564 926 litore
583 849 719 940 telleia,
736 853 891 948 pedibus
916 853 1096 926 Adrume·

71 1013 75 1022 .
131 976 214 1032 tum
234 957 458 1056 profugerat:
475 959 526 1050 (id
541 961 717 1054 oppidum
738 962 777 1034 C.
793 961 977 1036 Confidius
995 963 1094 1046 Ιιοιι-Ι
1145 1035 1148 1044 ,

8 1139 9 1152 ,
130 1092 202 1166 gus⁴
216 1067 675 1168 uniusllegionispraefidio
696 1072 909 1168 tuebaturz)
932 1075 1106 1168 reliquae

8 1177 10 1202 '
131 1179 283 1252 Caesaris
305 1205 411 1258 naves
432 1181 505 1256 eius
524 1183 607 1280 fuga
624 1180 866 1264 Adrumetum
890 1186 925 1258 se
946 1209 1091 1278 recepe-

129 1307 228 1363 runt.
257 1291 367 1364 Hunc
384 1288 523 1376 secutus
542 1295 593 1364 M.
612 1293 727 1368 Rufus
747 1295 923 1401 Quaestor
941 1299 1096 1370 navibue

131 1400 350 1492 duodecim,
368 1429 455 1498 quas
469 1405 644 1498 praefidio
667 1405 831 1476 onerariis
850 1406 1001 1478 navibus
1017 1406 1093 1480 Cu·

130 1511 186 1600 rio
214 1536 259 1581 ex
283 1511 399 1584 Sicilia
427 1513 623 1602 eduxerat,
654 1510 846 1609 postquam
869 1511 1024 1588 relictam
1051 1519 1091 1588 in

8 1675 9 1684 ,
129 1618 237 1692 litore
263 1643 392 1692 navem
413 1621 626 1716 conspexit,
655 1621 745 1697 hanc
773 1625 1092 1696 remulcoabstra·
1184 1615 1190 1632 ’

8 1735 9 1824 J
132 1730 209 1801 xit:
237 1730 307 1824 ipse
326 1731 372 1802 ad
394 1731 589 1823 Curionem
611 1757 697 1806 cum
720 1731 818 1828 clalle
839 1734 943 1806 redit.
978 1733 1087 1808 Curio
1105 1743 1154 1832 ²4

8 1897 9 1948 t
86 1846 94 1855 '
132 1838 296 1910 Marcum
318 1840 454 1912 Uticam
484 1841 636 1920 navibus
668 1842 888 1934 praemittit:
917 1842 996 1936 'ipse
1027 1869 1089 1916 eo-

133 1948 327 2020 demeum
358 1949 516 2022 exercitu
540 1949 793 2044 proficiscitur3
825 1947 1000 2041 biduique
1021 1951 1090 2023 iter

8 2097 9 2100 =
130 2055 347 2154 progtellus,
376 2057 421 2130 ad
445 2057 584 2134 flumen
603 2057 794 2152 Bagradam
818 2060 999 2150 pervenit:
1037 2059 1091 2136 ibi

131 2167 172 2237 C.
192 2165 386 2248 Caninium
412 2167 581 2238 Rebilum
607 2169 764 2262 legatum
784 2191 867 2238 cum
889 2166 1092 2264 legionibus

8 2308 24 2360 s
120 2275 327 2372 ·relinquit·
317 2327 328 2362 ,
364 2275 441 2370 ipse
465 2300 548 2346 cum
575 2275 739 2368 equitatu
762 2276 944 2346 antecedit
964 2277 1009 2346 ad
1032 2303 1091 2348 ca·

8 2369 10 2390 ’
129 2388 199 2458 stra
219 2386 438 2482 exploranda
458 2385 683 2496 Corneliana,
701 2384 858 2476 quodie
879 2385 979 2458 locus
999 2388 1092 2506 peric

8 2501 9 2574 l
132 2500 274 2574 doneus
299 2499 409 2571 castris
434 2473 643 2573 habebatur
679 2495 724 2568 Id
747 2513 868 2570 autem
893 2499 971 2567 est
963 2499 1091 2599 rugum

131 2605 333 2697 direclum,
361 2609 519 2680 eminens
539 2607 577 2676 in
601 2631 719 2698 mare,
750 2622 903 2699 utraque
924 2631 969 2680 ex
990 2629 1093 2704 parte

130 2735 366 2816 praeruptum
390 2733 516 2811 atque
524 2717 711 2811 asperum,
733 2715 799 2796 led
824 2731 944 2786 tamen
965 2720 1091 2825 paullo

129 2829 268 2902 leniore
294 2826 426 2924 fastigio
455 2827 500 2897 ab
534 2852 575 2898 ea
600 2842 726 2920 parte,
755 2847 849 2916 quae
878 2825 923 2894 ad
951 2813 1093 2898 Uticam

8 2937 9 2944 ’
130 2937 255 3035 vergit.
298 2934 406 3006 Abest
439 2929 611 3006 direclo
601 2935 727 3004 itinere
755 2933 800 3006 ab
840 2933 939 3004 Utica
967 2935 1090 3026 paullo
1184 3008 1187 3014 ,

121 3045 283 3147 amplius
302 3041 462 3136 palicium
486 3007 1089 3141 mille.Sedh0c1t1nereestfons,

8 3135 9 3172 ³
132 3181 209 3250 quo
231 3178 326 3226 mare
343 3149 498 3222 succedit
518 3149 684 3276 longius,
705 3149 876 3242 lateque
867 3173 894 3220 rs
915 3150 1014 3222 locos
1033 3175 1089 3220 re-

8 3263 10 3292 ⁸
105 3261 288 3364 Ἰὶιςιιιιι
319 3288 432 3386 quem
456 3262 481 3332 fi
505 3261 568 3356 qui
593 3262 702 3332 vitare
724 3259 901 3348 voluerit,
921 3259 983 3330 sex
1006 3260 1088 3330 mil

8 3387 9 3464 ξ
128 3376 222 3446 lium
246 3374 395 3446 circuitu
420 3373 470 3440 in
484 3369 663 3464 oppidum
684 3351 884 3464 perveniet.
920 3368 1000 3439 Hoc
1024 3393 1087 3442 ex·
1103 3379 1152 3466 25

8 3475 9 3492 ¹
54 3542 58 3552 ,
130 3486 272 3580 plorato
292 3485 397 3570 loco,
420 3479 529 3552 Curio
546 3481 648 3550 castra
669 3479 749 3550 Vari
776 3477 963 3572 conspicit,
980 3505 1086 3550 muro

130 3591 344 3686 oppidoque
366 3535 576 3676 cbniunila,
600 3588 647 3658 ad
666 3609 834 3682 portam,
855 3612 946 3680 quae
967 3589 1089 3680 appel·

130 3699 225 3769 latur
252 3697 405 3785 Bellica,
440 3697 653 3769 admodum
670 3698 808 3766 munita
839 3713 964 3797 natura
992 3693 1088 3764 loci:
1151 3787 1155 3796 ,

130 3831 204 3883 una
217 3831 261 3880 ex
280 3824 378 3902 parte
396 3809 471 3904 ipso
493 3807 633 3904 oppido
650 3803 767 3893 Utica,
782 3807 919 3878 alteraa
937 3805 1090 3902 theatro,
