2876 4572
328 387 403 458 ιιι
597 359 707 448 ’ΠΕ
756 361 1056 452 uctto'

330 543 577 618 multitudinis
602 544 771 638 precibus
785 543 827 614 tc
840 543 991 616 lacrimis
1007 541 1182 613 exercitus
1195 535 1301 613 comi

330 669 459 726 motus*
474 677 560 724 cum
586 651 744 737 videret,
766 652 813 722 ad
835 653 987 722 Callium
1004 650 1299 746 persequendum

329 763 423 836 nihil
443 787 533 856 opus
553 762 618 835 else
644 764 709 834 Cn.
740 763 905 857 Pompeii
928 765 1076 834 nomine
1100 762 1132 833 8c
1153 783 1302 834 memo-v

330 873 403 956 τῖες
430 859 579 964 tamque
604 871 774 963 omnibus
797 871 1028 958 Caesarianis,
1056 895 1165 963 quam
1186 861 1301 940 Poma'

330 978 489 1076 polanis,
511 979 717 1078 Longinum
744 979 810 1050 esse
833 981 871 1050 in
886 981 994 1066 odi0;
1019 1005 1140 1072 neque
1162 978 1299 1049 seron*

330 1108 508 1178 ventum,
536 1115 657 1184 neque
687 1093 737 1162 Μ.
758 1091 970 1163 Marcellum
994 1109 1119 1168 contra
1148 1089 1300 1162 Caesarie

332 1202 470 1275 causam
488 1199 584 1297 polle
597 1203 814 1296 perducerer
839 1227 975 1274 nomen
989 1202 1150 1296 Pompeii
1168 1225 1214 1271 ex
1228 1201 1300 1272 scu·

308 1378 311 1384 .
333 1311 650 1400 tiedetraxerunt,
671 1301 882 1400 Marcellum
895 1363 908 1398 ,.
921 1314 982 1404 qui
1001 1309 1035 1382 se
1058 1311 1207 1384 Caesaris
1223 1335 1311 1382 cau«

331 1419 406 1492 sam
430 1418 662 1492 defensurum
688 1419 945 1512 profitebatur,
983 1419 1114 1491 ducem
1143 1419 1303 1490 adscire*

330 1547 437 1632 runt,
444 1547 738 1630 praetoremque
771 1533 1018 1624 appellarunt,
1056 1532 1088 1602 Bc
1122 1529 1186 1600 fibi
1210 1522 1304 1598 conss

330 1656 485 1710 ventum
506 1637 776 1728 adiunxerunt,
811 1639 993 1733 castraque
1019 1639 1065 1708 ad
1086 1638 1302 1712 Cordubam

313 1749 540 1842 posuerunt.
571 1747 701 1819 Cassius
733 1773 777 1820 eo
807 1749 926 1822 biduo
948 1748 1086 1820 circiter
1114 1765 1157 1818 rv
1186 1747 1300 1818 millia

331 1849 496 1952 passuum
519 1883 540 1928 a
564 1857 757 1945 Corduba,
783 1861 869 1930 citra
901 1857 1041 1930 flumen
1072 1858 1233 1950 Baetim,
1259 1857 1300 1928 in

332 1966 461 2061 oppidi
484 1963 701 2063 conspeetu,
728 1971 809 2042 loco
837 1969 977 2042 excelso
1002 1969 1086 2040 sarit
1108 1941 1226 2052 castra3
1256 1967 1302 2034 li

331 2093 424 2148 teras
445 2076 491 2147 ad
512 2100 634 2176 regem
655 2077 841 2178 Bogudem
865 2079 904 2149 in
919 2073 1190 2164 Mauritianam,
1208 2071 1300 2146 &ad

173 2277 178 2288 δ
228 2253 230 2258 ,
333 2184 385 2257 M.
412 2184 596 2282 Lepidum
627 2188 881 2282 proconsulem
912 2189 949 2258 in
979 2188 1186 2282 Hispaniam
1211 2187 1302 2257 cite·

333 2295 465 2368 riorem
494 2296 628 2384 mittit,
652 2298 804 2369 subfidio
827 2299 892 2370 fibi
919 2299 1199 2392 provinciaeque
1219 2297 1305 2369 Cae·

333 2405 414 2476 saris
436 2407 535 2478 causa
551 2409 819 2502 quamprimum
835 2409 984 2480 veniret.
1004 2409 1080 2503 lpse
1097 2408 1210 2480 hostili
1226 2431 1303 2480 mo·

335 2515 385 2588 do
409 2516 697 2589 Cordubensium
719 2541 820 2614 agros
843 2521 974 2605 vastat,
1003 2519 1189 2590 aedificia
1180 2539 1304 2590 meeu-

267 2641 318 2715 60
334 2625 396 2696 dit.
419 2625 531 2696 Cuius
552 2624 603 2696 rei
625 2623 854 2698 deformitate
882 2644 992 2720 atque
1019 2627 1232 2726 indignitate
1251 2628 1304 2698 le·

326 2729 476 2827 giones,
506 2753 601 2822 quae
628 2731 839 2804 Marcellum
868 2733 931 2802 srbi
957 2733 1088 2808 ducem
1114 2750 1305 2830 ceperant,

334 2837 381 2908 ad
397 2861 483 2908 eum
493 2857 775 2928 concurrerunt
794 2859 835 2913 ut
854 2841 892 2912 iu
905 2844 1018 2914 aciem
1041 2845 1303 2932 educerentur,

334 2949 506 3044 priusque
526 2951 744 3054 confligendi
766 2953 830 3025 fibi
861 2956 1013 3050 potestas
1036 2956 1157 3044 fieret,
1184 2960 1304 3051 'quam

242 3107 249 3120 ·
336 3081 422 3130 cum
439 3073 537 3132 tanta
550 3062 770 3134 contumelia
788 3060 1305 3158 nobilillimae'carillimaeque

335 3169 559 3264 possessiones
585 3171 875 3244 Cordubensium
891 3173 929 3243 in
952 3171 1144 3268 conspesiu
1157 3174 1230 3246 'suo
1248 3199 1303 3246 ra·

335 3277 451 3370 pinis,
475 3276 587 3365 ferro,
616 3277 836 3373 flammaque
860 3281 1168 3354 consumerentur.
1203 3284 1303 3354 Mai-

330 3386 467 3486 rcellus,
517 3411 602 3460 cum
635 3387 827 3486 confligere
849 3391 1096 3464 *miserrimum
1132 3412 1305 3489 putaret,

334 3495 440 3588 quod
468 3494 661 3571 &vislerio
685 3500 717 3572 sc
737 3498 821 3571 'viui
852 3501 1112 3573 detrimentum
1137 3505 1183 3574 ad
1210 3528 1304 3582 eun*

334 3604 420 3676 dem
444 3606 624 3704 Caesarem
652 3607 734 3680 esset
753 3609 1062 3688 redundaturumr
1086 3636 1207 3705 neque
1220 3612 1303 3684 suae

228 3747 231 3752 ·
336 3716 516 3808 potestatis
544 3718 637 3804 elle3
664 3719 820 3816 legiones
848 3720 982 3792 Baetim
998 3723 1226 3809 ,transducite
1248 3739 1314 3794 ata·

318 3849 412 3917 ⁴que
432 3827 546 3900 aciem
565 3827 715 3900 instruit.
731 3827 826 3904 Cum
846 3830 1000 3906 Cassium
1021 3853 1145 3908 contra
1161 3855 1306 3928 proca·
