2876 4572
330 379 398 454 16³2
556 376 628 448 DE
667 373 847 448 BELLO
887 373 1075 448 CIVILl

325 541 423 636 terga
444 537 641 610 verterunt.
667 538 798 630 Neque
823 561 909 610 vero
930 537 1112 610 Caesarem
1127 536 1261 612 refellit
1275 551 1301 628 ξ’
1322 563 1338 608 r

325 655 417 748 quin
439 653 484 724 ab
507 653 546 722 iis
571 651 803 738 cohortibus,
822 674 915 743 quae
936 666 1061 720 contra
1083 651 1288 744 equitatum
1320 705 1330 714 -

324 764 364 833 in
387 779 515 856 quarta
538 762 612 832 acie
636 763 829 832 collocatae
854 759 987 848 ellent,
1007 760 1153 832 initium
1176 757 1289 833 vidio-
1324 805 1330 812 -

323 873 568 945 riae-oriretur
582 887 598 959 ,'
630 889 673 942 ut
697 871 770 964 ipse
793 872 832 941 in
855 871 1087 942 cohortandis
1114 873 1289 945 militibus
1322 901 1326 908 ·

322 986 624 1079 pronuntiaverat.
668 981 729 1053 Ab
757 984 810 1053 his
840 983 937 1053 enim
961 983 1121 1076 primum
1149 985 1289 1078 equita·
1375 971 1383 984 '

321 1111 380 1166 tus
401 1095 449 1164 est
470 1093 614 1186 pullus:
656 1091 704 1163 ab
725 1091 850 1162 iisdem
875 1087 984 1162 factae
1008 1091 1130 1163 caedes
1153 1094 1290 1192 sagitta
1312 1137 1328 1150 ·

322 1201 459 1272 riorum
474 1217 585 1294 atque
600 1199 849 1274 funditorum:
873 1201 919 1271 ab
933 1191 1059 1272 iisdem
1073 1202 1162 1272 acies
1175 1201 1287 1286 P0m÷
1292 1231 1296 1240 ¹
1315 1241 1321 1252 ·

144 1394 148 1402 N
203 1337 205 1342 ’
320 1314 447 1407 peiana
469 1339 488 1382 a
509 1311 637 1384 sinistra
654 1327 753 1405 parte
775 1326 847 1382 erat
868 1309 1071 1398 circumita,
1091 1327 1201 1404 atque
1219 1311 1287 1382 ini·
1314 1351 1320 1362 ·

320 1424 415 1496 tium
444 1422 546 1518 fugae
567 1418 709 1492 fadum.
738 1419 810 1492 Sed
829 1419 1047 1513 Pompeius,
1077 1435 1120 1492 ut
1146 1422 1287 1515 equita·

318 1551 401 1604 turn
418 1531 522 1603 suuni
548 1533 692 1626 pullum
722 1532 838 1621 vidit,
874 1547 986 1625 atque
1020 1555 1098 1603 eam
1118 1548 1288 1627 partem,
1355 1607 1358 1614 ,

317 1641 381 1716 cui
408 1642 563 1714 maxime
597 1642 835 1729 confidebat,
868 1641 1092 1735 perterritam
1120 1645 1284 1716 animum

318 1751 498 1845 advertit,
516 1749 589 1820 aliis
608 1749 736 1820 diffisus
754 1751 828 1821 acie
847 1750 1012 1839 excellit,
1045 1750 1287 1847 protinusque

315 1861 355 1933 fe
380 1863 418 1931 in
443 1861 548 1930 castra
571 1861 917 1954 equo'contulit,8c
937 1861 976 1932 iis
999 1864 1283 1954 centurionibus,
1327 1933 1330 1942 .

317 1973 472 2065 quos·in
496 1971 645 2042 statione
671 1971 718 2040 ad
740 1973 954 2065 praetoriam
977 1989 1119 2066 portam
1150 1974 1283 2068 posue·

316 2102 393 2170 rat,
411 2083 521 2167 clare,
544 2096 586 2150 ut
609 2079 739 2150 milites
764 2079 998 2168 exaudirent,
1028 2081 1199 2158 Tuemiui,
1226 2083 1313 2153 inv

262 2261 266 2270 ,
312 2193 415 2291 quit,
441 2192 562 2284 costra.
586 2191 617 2258 ir
639 2189 800 2370 defendite
814 2189 1007 2282 diligenter,
1020 2192 1059 2286 st
1075 2193 1152 2288 quid
1169 2192 1310 2265 (Ιιινὶιιεζ

311 2305 502 2374 acciderit}
532 2327 588 2395 ego
610 2327 645 2371 re
647 2303 751 2396 liquos
768 2317 882 2399 portas
905 2301 1080 2378 circumeo.
1108 2305 1282 2398 drctfiro

314 2441 389 2487 rum
404 2414 566 2534 praefidia
584 2417 747 2509 confirmo
774 2413 872 2481 Haec
892 2435 977 2482 curn
1001 2411 1156 2500 dixillet,
1177 2414 1247 2481 [e
1237 2437 1303 2486 m·

309 2522 536 2618 praetorium
560 2519 742 2606 contulit,
767 2507 926 2589 lirmmae
952 2520 1002 2589 rei
1034 2521 1217 2606 diffidens,
1242 2521 1276 2594 8:

169 2646 172 2652 '
251 2637 437 2732 §5tamcn
457 2643 628 2716 eventum
652 2623 864 2722 exspettans.
891 2629 1012 2699 Caesar
1022 2629 1302 2723 ,Pompeiano
1378 2717 1398 2732 ,

306 2769 376 2844 :err
386 2745 473 2840 fuga
487 2743 579 2811 intra
599 2741 736 2809 vallum
753 2737 954 2831 compulsis,
966 2739 1109 2807 nullum
1123 2737 1278 2830 spatium

314 2853 507 2949 perterritis
531 2850 613 2920 dare
633 2865 808 2940 oportere·
826 2845 1048 2933 existimaus,
1068 2846 1198 2922 milites
1218 2873 1277 2922 cos·

314 2964 475 3038 hortatus
499 2962 568 3050 est,
598 2974 640 3029 ut
668 2957 844 3029 beneficio
864 2958 1040 3030 :fortunae
1063 2973 1277 3048 uterentur,

308 3077 493 3166 'castraque
519 3075 796 3166 oppugnarent:
828 3068 914 3160 qui,
940 3068 1001 3140 etfi
1025 3091 1158 3166 magno
1181 3071 1277 3142 aestu

226 3241 229 3247 -
307 3181 590 3281 fatigati,:(nam
610 3181 656 3249 ad
674 3177 864 3249 meridiem
884 3193 1029 3273 reserat
1047 3175 1217 3271 perdutis
1230 3179 1277 3279 ‚)

240 3307 250 3368 -3
311 3292 455 3379 tamen,
469 3294 527 3380 ,ad
551 3313 700 3364 omnem
719 3289 880 3360 laborem
904 3289 1026 3362 animo
1050 3292 1188 3383 parati,
1206 3292 1278 3363 im.
1365 3385 1369 3392 .

311 3406 412 3500 perio
435 3419 639 3498 paruerunt.
670 3402 784 3492 Castra
803 3426 824 3470 a
847 3401 1079 3488 cohortibus,
1096 3427 1202 3494 quae-
1222 3403 1280 3474 ibi

235 3590 239 3598 ,
311 3514 483 3611 praesidio
511 3529 609 3584 erant
626 3505 796 3599 retittae,
832 3509 1023 3582 industrie·
1031 3509 1277 3584 defendeban-

311 3641 388 3712 tur,
417 3625 536 3693 multu
560 3621 666 3691 etiarn
694 3619 808 3692 acrius
831 3643 873 3688 a
868 3619 1075 3690 Thracibus
1099 3620 1274 3718 barbaris·
1346 3671 1350 3680 ·

300 3732 557 3828 ·queauxiliis.·
586 3731 681 3802 Nam
707 3731 772 3822 qui
798 3727 876 3800 acie
894 3729 1095 3827 refugerant
1115 3710 1298 3854 milites,-

301 3843 361 3917 dt
353 3845 484 3914 animo
505 3842 708 3968 perterriti,
729 3838 982 3986 &laffitudiue
1004 3811 1177 3986 conscili,
1200 3841 1288 3986 ruiis
