2858 4572
326 345 379 452 ἰε
545 352 621 428 on
653 305 846 426 mro
875 297 1075 428 xcr'vrir
1125 437 1126 442 p

327 464 456 598 itinera
469 491 633 590 'difficilia
651 535 761 610 atque
780 515 923 615 angusta
941 516 1178 612 excipiebant·
1215 506 1296 590 Hor·

326 631 423 702 intra
441 644 584 702 montes
603 628 637 698 ie
655 625 900 720 recipiebant,
916 643 960 700 ut
983 631 1186 724 equitatum
1206 628 1298 701 effu·

326 753 452 836 gerent
473 735 645 824 Caesaris,
666 733 919 830 praesidiisque
943 737 982 810 in
1001 737 1164 836 angustiis
1182 739 1296 812 collo-

192 915 196 922 .
261 877 263 882 ’
326 849 434 937 catis,
477 846 672 920 exercitum
702 849 828 920 itinere
848 839 1103 944 prohiberent,
1133 850 1200 945 ipsr'
1220 839 1295 924 fine

325 957 488 1058 periculo
500 981 540 1027 ac
562 955 692 1027 timore
708 957 855 1031 Iberum
873 957 992 1052 copias
1004 959 1293 1032 transducerentr

328 1067 432 1162 quod
454 1064 522 1136 fuit
540 1063 606 1136 iliis
621 1065 861 1155 conandum,
901 1083 1011 1161 atque
1032 1061 1133 1146 omni
1153 1071 1293 1142 ratione

327 1171 566 1248 efficiendum.
600 1171 672 1246 Sed
691 1174 802 1247 totius
823 1177 893 1248 diei
908 1201 1032 1278 pugna
1057 1195 1167 1272 atque
1189 1181 1296 1254 itine⁴

326 1286 372 1362 ris
394 1284 516 1358 labore
538 1283 680 1372 defefft,
704 1307 780 1358 rem
801 1287 839 1356 in
858 1289 1041 1382 posterum
1066 1289 1164 1362 diem
1182 1290 1295 1364 distu-

326 1399 456 1468 lerunt.
491 1395 612 1466 Caesar
638 1417 789 1488 quoque
811 1397 849 1466 in
876 1397 1047 1490 proximo
1069 1399 1166 1470 cone
1189 1397 1296 1471 castra
1416 1445 1417 1448 =

262 1499 313 1584 66
328 1507 444 1602 ponit
483 1503 606 1575 Media
629 1504 766 1574 circiter
786 1498 931 1576 noste
910 1529 970 1592 us,
1002 1506 1067 1598 qui
1091 1506 1295 1600 adaquandi
1331 1579 1335 1588 ,

327 1614 426 1688 eausa
455 1614 638 1740 longiura
661 1613 772 1684 castrir
803 1599 1060 1706 processerant,
1091 1618 1138 1688 ab
1162 1617 1296 1710 equiti·

325 1728 397 1800 bur
419 1726 611 1821 correptis,
638 1726 683 1798 fit
709 1727 756 1798 ab
781 1727 850 1798 hir
858 1729 986 1802 certior
1013 1729 1160 1818 Caesar,
1185 1729 1296 1806 ducet

328 1835 609 1908 adversariorum
650 1835 788 1908 silentio
822 1837 950 1930 copiar-
979 1837 1092 1910 castris
1130 1838 1309 1913 educere.¹

328 1937 420 2051 Quo
445 1947 614 2042 cog'nito,
639 1945 777 2047 signum
798 1947 876 2020 dari
899 1949 1028 2036 iubet,
1050 1949 1083 2024 8c
1104 1949 1183 2022 vasa
1200 1950 1296 2024 mili·

326 2055 392 2126 uri
419 2079 522 2128 more
546 2047 771 2156 conclarqari.
807 2059 885 2146 Illi,
919 2058 1089 2134 exaudito
1110 2061 1292 2147 clamore,

326 2165 454 2256 veriti,
477 2189 525 2238 ne
555 2162 667 2238 noiiu
695 2167 861 2262 impediti
884 2169 953 2243 sub
972 2194 1082 2267 onere
1100 2160 1293 2296 conhigere

325 2272 559 2373 cogerentui,
585 2292 648 2348 aut
674 2300 739 2346 ne
744 2277 794 2348 ab
821 2280 985 2371 equitatu
1005 2281 1184 2354 Caesarie
1175 2308 1214 2354 ιιι
1231 2308 1295 2354 an·

318 2387 445 2485 ,gustiir
471 2402 704 2474 tenerentur,
729 2389 797 2466 iter
819 2389 1073 2484 supprimunt,
1097 2380 1320 2486 copiasque*

325 2498 366 2568 in
395 2493 507 2567 castris
535 2495 733 2568 continent
765 2496 908 2570 Postero
936 2498 996 2570 die
1019 2488 1176 2572 Petreius
1206 2527 1292 2578 cum

326 2608 447 2699 paucis
469 2606 650 2708 equitibus
668 2608 809 2678 occulte
821 2609 869 2680 ad
890 2612 1109 2704 exploranda
1120 2613 1197 2690 loca
1209 2638 1294 2708 pro·
1329 2639 1334 2656 ⁸

273 2727 276 2732 '
326 2715 500 2788 ficiscitur.
529 2714 611 2786 Hoc
626 2713 724 2785 idern
745 2714 787 2786 ht
808 2739 855 2788 ex
875 2713 1027 2790 Caesaris
1051 2719 1178 2802 castris..
1205 2723 1294 2798 Mit-

327 2831 417 2902 titur
434 2827 472 2900 L·
489 2817 660 2898 Decidius¹
674 2819 766 2896 Saxa
784 2831 871 2896 cum'
889 2827 1032 2920 paucis,
1056 2829 1122 2921 qui
1137 2833 1208 2904 loci
1225 2859 1293 2907 na·

215 2935 218 2938 ’
328 2954 446 3009 turam
464 2933 661 3028 perspiciat.
699 2933 860 3028 Uterque
882 2934 980 3008 idem
1003 2936 1071 3006 iuis
1086 2942 1290 3034 renuntiate

276 3049 359 3120 “v
375 3045 500 3116 ›millia
528 3041 690 3138 passuum
717 3044 883 3136 proxima
911 3045 1133 3120 intercedere
1158 3043 1292 3152 itinerii

328 3150 556 3250 campestris;
588 3152 675 3226 inde
708 3155 871 3248 excipere
894 3155 972 3226 loca
990 3157 1108 3251 aspera
1130 3159 1163 3232 8c
1184 3186 1293 3252 mon·
1329 3241 1331 3246 ,

231 3289 232 3292 ’
329 3261 454 3336 tuosa:
478 3265 544 3357 qui
566 3263 663 3357 prior
685 3263 745 3336 hae
770 3263 952 3362 angustiae
968 3272 1221 3362 occupaverit,
1244 3275 1293 3346 ab
1370 3278 1372 3282 ’

253 3371 313 3474 ’67
329 3377 400 3449 hoc
419 3375 556 3449 hostem
577 3373 780 3470 prohiberi,
807 3375 897 3446 nihil
913 3373 980 3448 effe
996 3379 1139 3475 negotii.
1161 3377 1293 3476 Diepu·

328 3501 425 3558 tatur
443 3484 482 3556 in
504 3481 649 3554 consilio
665 3507 684 3551 a
701 3483 841 3554 Petreio
860 3483 893 3556 8t
909 3481 1079 3573 Afranio,
1097 3487 1292 3584 &tempor

326 3591 556 3695 profeiiionis
578 3593 769 3688 quaeritur.
817 3593 983 3688 Plerique
1010 3597 1225 3688 censebant,
1250 3621 1292 3674 ut

328 3711 426 3781 nonu
447 3711 510 3778 iter
524 3706 702 3805 facerent:
731 3705 816 3804 poffe
835 3708 930 3803 prius
954 3706 998 3776 od
1016 3709 1182 3803 angustias
1201 3716 1293 3806 verri·¹

330 3819 387 3912 ri,
407 3840 509 3916 quom
515 3814 730 3910 sentirentur.
756 3811 828 3894 Alii
839 3862 852 3905 ,
876 3814 960 3913 quod
973 3817 1080 3916 pridie
1098 3821 1195 3893 notio
1213 3845 1293 3894 eorr-
