2876 4572
464 316 695 415 trata
742 341 823 414 111.
1049 317 1148 442 251·-

163 503 248 588 ¹tat,
269 499 308 574 dc,
322 501 529 574 Heracleam
556 499 802 594 [Senticam,']
830 502 988 594 quaeest
1010 499 1122 574 subie-
1239 571 1241 576 .

165 604 225 684 Cla
244 607 465 697 Candaviae,
506 609 571 681 iter
591 608 737 703 fecerat,
767 624 807 678 ut
830 607 900 700 ipsa
916 607 1056 678 fortuna
1081 610 1123 678 il-

111 749 113 754 ·
167 717 249 800 lum
282 716 436 794 obiicere
465 717 638 810 Pompeio
666 713 853 786 videretur.
890 713 987 784 Haec
1011 714 1057 784 ad
1082 711 1122 792 id

167 839 311 918 tempus
325 825 454 930 ¹Caesar
474 823 663 922 ignorabat.
686 822 823 910 Simul,
849 849 868 905 a
893 823 1067 918 Pompeio
1082 823 1124 892 li·

169 934 252 1005 teris
283 959 345 1027 per
373 959 496 1006 omnes
527 932 721 1027 provincias
750 933 981 1028 civitatesque
1005 930 1122 1002 dimis-
1161 994 1170 1010 ,

169 1045 229 1132 fis,
245 1044 290 1114 de
304 1043 441 1137 proelio
451 1044 497 1115 ad
513 1044 776 1140 Dyrrhachium
790 1039 903 1132 fado,
930 1045 1057 1116 elatius.
1068 1045 1124 1114 irr·

168 1151 360 1246 flatiusque
379 1153 521 1239 multo,
537 1177 644 1245 quam
656 1175 708 1224 res
727 1170 801 1222 erat
812 1155 920 1250 gesta,
938 1154 1030 1226 sama
1042 1178 1124 1248 per·

170 1264 379 1353 crebuerat,
393 1265 523 1364 pulsum
533 1263 657 1361 sugere
684 1263 870 1358 Caesarem.
903 1292 1003 1366 paene
1024 1263 1149 1340 omni-'

171 1374 228 1448 lus
249 1376 345 1470 copiis
356 1375 478 1467 amiffis.
511 1372 609 1444 Haec
625 1372 747 1444 itinera
769 1372 888 1448 infesta
904 1375 1128 1461 reddiderat,

170 1485 258 1554 haec
271 1471 427 1556 'civitates
453 1482 642 1554 nonnullas
658 1481 702 1550 ab
720 1482 792 1556 eius
814 1483 964 1554 amicitia
991 1499 1128 1555 averte·

173 1610 237 1666 rat.
259 1590 403 1696 Quibus
427 1588 554 1700 accidit
584 1590 710 1675 rebus,
742 1605 784 1660 ut
808 1592 972 1685 pluribus
999 1591 1125 1662 dimilh

172 1701 380 1786 itineribus,
409 1723 430 1768 a
451 1698 592 1770 Caesare
614 1696 666 1766 ad·
685 1696 910 1786 Domitium,
935 1699 1033 1771 &ab
1047 1699 1125 1773 Do*

173 1809 278 1880 mitio
299 1807 345 1879 ad
369 1806 571 1894 Caesarem,
597 1809 696 1878 nulla
715 1807 849 1876 ratione
869 1808 936 1877 iter
951 1807 1125 1878 conficere
1160 1842 1162 1848 ·

174 1915 320 2010 pollent.
344 1913 415 2002 Sed
431 1913 663 2011 Allobroges,
685 1914 825 1984 Roscilli
848 1915 1058 2012 atqueAegi
1074 1915 1127 1986 fa*-

174 2029 346 2114 rniliares,
365 2049 457 2117 quos
482 2023 664 2120 perfugisse
679 2025 724 2092 a'd
737 2025 952 2118 Pompeium
973 2026 1128 2096 demon-
1156 2067 1164 2076 ··

174 2139 355 2208 stravimus
369 2187 379 2222 ,
402 2135 592 2228 conspicati
605 2133 643 2202 in
660 2135 787 2206 itinere
801 2138 1039 2228 exploratores
1053 2136 1129 2206 Do·

173 2245 289 2332 mitii,
312 2244 372 2316 seu
392 2245 533 2336 pristina
553 2245 613 2314 sua
631 2243 910 2335 consuetudine,
939 2245 1039 2336 quod
1055 2271 1127 2319 una
1157 2297 1161 2304 ·

170 2355 214 2428 in
238 2355 349 2426 Gallia
375 2355 466 2426 bella
492 2353 675 2452 gesserant,
703 2354 762 2426 sou
783 2355 891 2452 gloria
911 2357 1009 2444 elati,
1026 2352 1128 2428 'eona

171 2464 243 2554 da,
258 2483 301 2540 ut
320 2484 418 2538 erant
438 2461 535 2554 asta,
554 2466 861 2560 exposuerunt,8c
882 2467 1027 2538 Caesaris
1041 2478 1130 2563 pro³
1160 2513 1163 2520 ‹

114 2639 118 2650 .
171 2571 363 2652 seslionem
384 2573 630 2646 &adventum
656 2573 831 2666 Pompeii.
848 2573 1059 2646 docuerunt.
1080 2575 1124 2646 ‘A

173 2684 307 2778 quibus
319 2682 499 2754 Domitius
513 2683 640 2754 certior
659 2677 800 2769 faetus,
814 2682 877 2754 vix
896 2704 938 2756 iv
958 2684 1128 2762 horarum
1158 2731 1160 2737 ι

173 2795 290 2888 spatio
300 2794 533 2882 antecedens,
558 2795 714 2864 hostium
734 2795 910 2866 beneficio
925 2796 1126 2888 periculum
1157 2833 1161 2844 ·

173 2901 318 2986 vitavit,
349 2899 381 2972 dc
413 2901 458 2970 ad
482 2901 701 2998 Aeginium,
723 2901 831 2992 quod
861 2901 909 2971 est
941 2899 1126 3000 obiedium
1158 2953 1161 2986 :

176 3009 455 3105 oppositumque
480 3007 696 3096 Thessaliae,
729 3009 862 3080 Caesari
883 3013 1040 3083 venienti
1055 3038 1128 3084 ‘oca
1157 3059 1162 3065 -
1197 3051 1199 3054 ·

176 3117 294 3188 currit.
339 3115 540 3198 Coniundlo
570 3118 750 3202 exercitu,
790 3114 909 3185 Caesar
940 3116 1126 3210 Gomphos
1144 3122 1197 3196 80

174 3224 360 3318 pervenit,
380 3223 481 3316 qood
499 3224 546 3294 est
563 3225 742 3318 oppidum
757 3223 916 3322 primum
934 3210 1125 3304 Thessaliae

175 3331 402 3411 venientibus
425 3331 472 3399 ab
500 3331 629 3424 Epiro,
660 3357 752 3424 quae
782 3357 867 3430 gens
889 3337 1009 3426 paucis
1042 3354 1125 3408 ante

177 3441 354 3515 mensibus
377 3441 471 3510 ultro
488 3439 533 3510 ad
559 3439 744 3514 Caesarem.
752 3444 886 3540 legatos
906 3443 1062 3531 miserat,
1082 3463 1125 3516 ut
1159 3461 1196 3534 „3

175 3551 241 3620 suis
258 3549 425 3634 omnibus
446 3547 672 3622 facoltatibus
687 3565 865 3637 uteretur,
893 3552 1124 3643 praefidium-

175 3685 249 3752 que
276 3660 322 3728 ab
346 3685 389 3736 eo
418 3659 574 3732 militum
601 3659 756 3752 petierat.
786 3658 857 3732 Sed
879 3687 922 3730 eo
944 3661 1036 3730 fama
1052 3663 1158 3737 ianr:—
1250 3732 1254 3737 ,

173 3782 427 3876 praecurrerat,
459 3793 570 3866 quam
587 3767 696 3868 ‚supra
715 3769 927 3940 docuimits,
955 3768 1001 3838 de
1021 3793 1128 3862 proc,

743 3953 745 3959 ,
907 3890 933 3958 4
