2858 4572
312 381 324 400 ¹
396 377 645 456 ararit
691 377 748 454 ιι.
834 435 837 445 .
976 375 1066 492 ἢ,
1149 335 1171 488 f

101 530 161 613 lua
180 539 314 641 vicinis
332 541 616 616 confirmassent:
641 539 829 638 pecunias,
855 543 943 642 qu'as
965 568 1064 626 erant

104 652 345 747 inpublicum
365 651 515 725 Varroni
534 655 627 728 cives
645 653 798 730 Romani
819 662 990 754 polliciti,
1010 687 1066 736 re·

105 767 243 854 mittit,
262 767 361 850 bona
382 766 535 868 restituit
558 768 613 856 iis,
651 792 743 861 quos
762 769 907 844 liberius
923 774 1065 844 locutos

105 878 196 950 hanc
209 901 367 973 poenam
378 875 494 948 tulisse
508 893 744 974 cognoverat:
762 879 904 951 tributis
917 881 1067 974 quibus-

104 989 187 1062 dam
213 989 367 1085 publicis
391 987 608 1083 privatisque
628 989 814 1082 praemiis,
848 993 1005 1086 reliquos
1027 995 1068 1065 in

103 1100 286 1194 posterum
314 1099 412 1170 bona
435 1097 495 1190 spe
518 1100 696 1190 complet;
727 1097 960 1194 biduumque
979 1085 1068 1176 Cor}

104 1205 225 1306 dubae
246 1223 506 1298 commoratus,
530 1205 646 1278 Gades
667 1207 920 1302 proficiscitur:
957 1236 1068 1305 pecu-

106 1317 179 1390 nias
197 1334 534 1411 monumentaque,
554 1341 650 1411 quae
662 1340 708 1388 ex
720 1317 805 1388 sano
818 1318 978 1392 Herculis
992 1325 1068 1393 col·

105 1427 174 1498 lata
198 1444 299 1499 erant
321 1429 359 1498 in
379 1428 552 1524 privatam
576 1426 751 1516 domum,
769 1427 890 1502 referri
909 1429 950 1501 in
973 1447 1068 1504 tem·

104 1537 210 1630 plum
237 1534 364 1606 iubet.
400 1533 675 1640 provinciaeQ.
703 1535 855 1608 Calsru'rn
885 1537 1066 1630 praeficit,

106 1645 193 1720 huic
211 1667 368 1738 quatuor
383 1646 539 1745 legiones
551 1645 733 1717 attribuit:
755 1644 862 1742 ipse''
840 1669 880 1716 ns
896 1646 1067 1736 navibus,

105 1780 194 1850 quas
219 1757 266 1828 Μ.
284 1758 423 1844 Varro,
450 1781 611 1850 quasque
637 1755 803 1826 Gaditani
827 1752 915 1828 iullu
938 1741 1068 1837 Vairo·

105 1868 158 1968 nis
182 1867 356 1954 fecerant,
384 1867 623 1938 Tarraconem
649 1865 769 1958 paucis
796 1864 921 1936 diebus
940 1888 1067 1959 perve-

104 1975 170 2045 nit.
211 1973 267 2044 Ibi
290 1975 398 2048 totius
421 1973 493 2044 sere
511 1973 678 2044 citerioris
696 1972 901 2066 provinciae
922 1975 1068 2070 legatio·

104 2103 167 2155 nes
187 2085 338 2158 Caesaris
355 2084 554 2154 adventum
575 2078 832 2175 exspesiabant.
862 2082 996 2155 ladem
1015 2107 1070 2154 ra·

20 2195 21 2204 ’
105 2194 209 2266 tione
239 2194 404 2286 privatim
431 2217 471 2264 ac
500 2192 647 2285 publice
673 2192 890 2285 quibusdam
916 2181 1069 2262 civitati·

103 2301 175 2375 bus
194 2301 322 2372 habitis
340 2301 555 2386 honoribus,
589 2298 788 2370 Tarracone
812 2299 975 2387 discedit,
1002 2303 1069 2396 pe·
1097 2361 1101 2366 .
1193 2321 1195 2328 ·

20 2481 21 2504 ἶ
107 2413 290 2506 dibusque
309 2411 519 2510 Narbonem
533 2461 544 2496 ,
558 2424 669 2502 atque
686 2409 775 2480 inde
793 2409 972 2512 Massiliam
986 2435 1067 2505 per-

108 2523 235 2594 venit:
260 2523 335 2607 ibi,
356 2524 473 2616 legem
501 2521 548 2598 de
574 2513 743 2590 disiatore
766 2521 896 2608 latam,
921 2519 1066 2616 seseque

106 2627 334 2706 disiatorem
346 2601 484 2702 elisium
510 2653 530 2700 a
552 2631 602 2702 Μ.
625 2629 765 2723 Lepido
791 2647 978 2724 praetore,
1004 2656 1067 2738 co·

107 2743 253 2840 gnoscit.
278 2741 521 2830 Massilienses,
540 2741 709 2812 omnibus
729 2740 847 2811 defeffi
866 2729 987 2830 malis,
1012 2732 1063 2816 rei
1080 2748 1128 2811 22

106 2853 357 2926 frumentariae
378 2852 422 2922 ad
440 2853 646 2922 summam
637 2821 796 2945 inopiam
814 2849 984 2942 addusii‚
1010 2854 1068 2926 bit
1191 2887 1196 2898 ¹

20 2957 21 2964 ἵ
107 2964 245 3058 proelio
266 2950 383 3035 navali
403 2962 577 3054 superati,
602 2962 728 3032 crebris
738 2964 999 3067 eruptionibus
1015 2964 1066 3036 fu

106 3075 152 3163 st,
179 3074 274 3174 gravi
297 3074 402 3144 etiam
424 3070 620 3164 pestilentia
640 3068 834 3143 conilisiati
856 3099 901 3144 ex
927 3073 1066 3146 diutina

20 3175 21 3258 Ῐ
107 3185 335 3256 conclusione
359 3181 391 3254 8c
417 3180 617 3256 mutatione
641 3175 771 3268 vitius,
793 3183 944 3276 (panico
965 3186 1067 3256 enirn

20 3287 21 3306 ¹
108 3309 227 3365 vetere
250 3311 360 3385 atque
378 3291 517 3360 hordeo
536 3306 705 3382 corrupto
727 3313 851 3360 omnes
864 3290 1066 3381 alebantur,

108 3402 233 3496 qu‘od,
257 3404 303 3472 ad
326 3399 532 3480 huiusmodi
554 3399 650 3472 casus
668 3400 865 3493 antiquitus
881 3419 1063 3493 paratum,

107 3497 358 3609 in'publicum
375 3510 627 3610 contulerant)
640 3508 785 3584 deiesia
803 3517 911 3600 turri,
933 3518 1064 3605 labesa7

108 3618 160 3696 tta
185 3647 312 3720 magna
332 3640 432 3717 parte
453 3620 568 3706 muri,
587 3623 722 3694 auxiliis
746 3625 1075 3716 provinciarum&

108 3733 331 3832 exercituum
349 3731 560 3826 llesperatis,
578 3756 675 3823 quos
691 3733 729 3804 in
747 3733 893 3804 Caesaris
912 3733 1062 3828 potesla-

110 3853 183 3946 tem
206 3839 334 3916 venisse
358 3859 619 3940 cognoverant,
639 3842 711 3914 sese
729 3842 861 3914 dedere
876 3843 950 3918 stne
969 3839 1064 3910 srau*
