2852 4578
320 369 398 474 „s
589 355 1007 444 'nurnero

324 533 476 621 decent,
505 531 728 626 incensisque
749 529 819 624 qui
837 525 1034 602 nuncium
1068 537 1290 628 repeterent·

323 641 417 716 nuc
436 642 594 737 dirpoIiti
618 661 741 730 erant,
764 660 808 712 ut
829 667 849 712 a
876 641 979 712 nullo
1000 633 1183 752 conspedii
1204 661 1288 710 om

324 754 429 826 nium
448 754 494 824 ad
508 777 668 849 pugnarn
687 752 960 824 contenderent.
982 749 1036 820 lta
1049 773 1135 820 cum
1157 774 1203 820 ex
1224 771 1290 820 ca·

322 865 424 935 stello
440 863 571 935 Didius
586 864 633 936 ad
655 862 940 957 propellendum
963 858 1173 954 ptoceffiffet
1195 877 1287 932 cum

320 974 461 1068 copiis,
486 975 624 1071 signum
641 999 660 1044 a
674 975 850 1046 Lusitano
860 967 1020 1058 tollitur,
1044 995 1149 1042 nares
1161 971 1288 1042 iucem

324 1084 486 1171 duntur,
511 1077 722 1178 srmnlque,
741 1084 805 1177 qui
826 1075 865 1156 in
888 1083 1027 1154 castello
1052 1081 1097 1152 ad
1119 1099 1284 1175 pugnam

206 1191 209 1198 ⁴
322 1193 571 1288 preterierant,
586 1196 716 1266 eodem
727 1195 825 1293 tigno
840 1193 1014 1290 fugientes
1027 1195 1177 1263 latrones
1190 1177 1283 1260 dum

323 1305 608 1400 persequuntur,
638 1333 658 1376 a
677 1325 778 1404 tergo
796 1303 940 1376 insidiae
963 1305 1118 1374 clamore
1139 1299 1283 1371 sublato
1421 1351 1423 1364 .

323 1416 621 1494 circumveniunt.
647 1418 777 1487 Didius
796 1416 925 1514 megnr
945 1412 1178 1486 cumvirtme
1191 1430 1280 1480 cum

324 1524 572 1620 compluribus
588 1523 819 1596 interficitur:
838 1523 1007 1596 nonnulli
1025 1549 1066 1594 ea
1079 1545 1200 1617 pugna
1216 1517 1286 1590 ica·

323 1633 435 1727 ptus,
465 1657 558 1726 quae
582 1634 626 1710 ud
656 1635 739 1708 litus
765 1635 932 1722 fuerant,
958 1643 1158 1727 occupant:
1191 1627 1284 1696 item
1421 1633 1423 1662 ²

322 1746 527 1838 complures
554 1745 676 1816 nando
702 1745 749 1816 ad
771 1771 900 1833 naves,
926 1769 1018 1838 quae
1042 1745 1081 1814 in
1102 1739 1172 1810 salo
1199 1735 1283 1806 fue-

322 1873 431 1944 runt,
454 1858 489 1928 se
507 1857 710 1954 recipiunt.
737 1858 874 1930 ancoris
894 1855 1054 1943 sublatis,
1070 1856 1286 1950 p'elagusre·

322 1966 391 2038 mis
410 1984 533 2060 petere
546 1986 756 2063 coeperunt.
772 1971 878 2074 Quae
890 1990 1080 2068 resectum
1094 1963 1187 2035 vitae
1199 1958 1288 2030 tub·

323 2073 413 2151 sidio
425 2075 504 2147 fuit
530 2077 688 2150 Lufitani
706 2079 839 2174 praeda
851 2077 1055 2171 potiuntur.
1070 2069 1196 2143 Caesar
1210 2068 1286 2140 (sa-
1305 2064 1309 2068 ’

258 2205 302 2274 41
324 2185 430 2258 dibus
444 2187 561 2258 rursus
579 2186 624 2258 ad
640 2187 811 2281 Hispalim
827 2188 984 2259 recurrit.
1016 2183 1145 2255 Fabius
1159 2177 1288 2252 Maxii

321 2321 421 2386 mus,
450 2321 560 2390 quem
579 2296 652 2390 ipse
670 2298 715 2367 ad
733 2295 912 2368 Mundam
928 2291 1167 2389 praesidinm
1160 2314 1279 2385 oppu-

300 2465 305 2474 ,
320 2407 506 2506 gnandum
521 2408 711 2503 reliquerat
730 2403 897 2505 operibu's
911 2407 1066 2495 affiduir,
1087 2404 1279 2496 hostesque

321 2525 455 2594 circum
474 2521 546 2594 sese
563 2524 765 2611 interclusi,
789 2523 934 2606 inter-‚se
953 2521 1166 2608 decernere,
1187 2511 1280 2588 satta

300 2696 303 2706 .
321 2619 429 2713 caede
445 2633 542 2702 bene
554 2657 701 2729 magna,
721 2635 740 2678 ²
757 2636 777 2680 ²
795 2633 1022 2727 eruptionem
1035 2631 1182 2701 faciunt·
1197 2625 1278 2696 No·

292 2773 296 2780 ·
322 2740 378 2812 firi
390 2742 435 2810 ad
453 2743 631 2836 oppidum
651 2745 936 2865 recuperandum
958 2744 1178 2815 occasionem
1198 2759 1277 2810 non

322 2852 631 2946 praetermittunt,
658 2850 689 2922 dc
708 2852 919 2945 reliquos
886 2877 986 2923 vivos
1007 2853 1175 2947 capiunt,
1199 2851 1276 2920 XIV

321 2959 447 3046 millia,
460 2985 498 3030 ac
512 2959 646 3030 derude
656 2959 846 3033 Ursaonem
859 2964 1149 3056 proficiscuntur.
1168 2951 1277 3056 qnod

321 3067 501 3164 oppidum
524 3083 651 3167 magna
675 3071 880 3160 munitione
898 3072 1173 3158 continebatur,
1204 3063 1275 3156 fic,
1420 3147 1421 3150 Ἴ

321 3180 451 3272 utipse
474 3181 573 3249 locus
596 3203 671 3249 non
695 3179 811 3251 solum
839 3205 974 3280 opere,
998 3179 1185 3254 sedetiam
1212 3201 1279 3247 na·
1419 3183 1421 3204 ¹

319 3303 399 3360 tura
418 3288 557 3378 editus,
588 3290 636 3361 ab
658 3291 903 3388 oppugnando
928 3293 1064 3364 hostem
1089 3305 1274 3362 averteret·
1419 3347 1421 3380 ,

320 3395 406 3468 Huc
429 3397 641 3484 accedebat,
669 3415 709 3468 nt
728 3423 845 3490 aqua,
871 3418 1120 3494 praeterquam
1144 3399 1284 3494 inipso
1419 3413 1421 3482 ξ

321 3507 460 3602 oppido
474 3507 632 3594 Munda,
656 3509 880 3582 circumcirca
899 3521 1077 3603 nusquam
1100 3512 1277 3605 reperire·
1419 3509 1420 3516 '

319 3631 381 3688 tur
404 3615 685 3710 propiusmillia
699 3613 862 3709 paffuum
886 3632 970 3688 vtn.
995 3621 1098 3722 Quae
1120 3645 1173 3690 rer
1197 3645 1278 3692 ma·

318 3745 488 3832 gnolerat
510 3722 723 3796 adiumento
748 3727 944 3819 oppidanis.
970 3726 1069 3798 Tum
1094 3745 1277 3822 praeterea

319 3837 531 3927 accedebat,
562 3845 606 3914 'ut
625 3861 729 3938 agger
746 3840 998 3934 materiesque,
1023 3841 1124 3914 unde
1149 3841 1290 3918 solitae·
