2876 4572
424 389 656 470 LIBER
706 389 791 466 111.
1023 413 1095 495 ¹²9

17 585 21 592 ’
129 537 394 659 existimaturi,
420 561 453 656 fi
463 559 543 655 stne
562 560 705 630 maximo
723 547 922 658 'detrimento
952 553 1090 653 legiones
1144 569 1147 578 “

130 669 282 759 Caesaris
297 668 367 762 sese
381 669 563 766 recepiffent
579 665 673 738 inde.
698 687 765 758 que*
783 679 899 734 temere
915 667 1010 762 effem
1017 697 1098 768 pre·

128 777 264 872 griffoi.
297 775 439 862 Caeliis,
457 773 618 866 receptui
637 773 785 844 suorum
808 773 960 862 timens,
980 783 1094 852 ‘mares
1107 776 1157 872 46

133 885 181 954 ad
206 899 409 954 extremum
426 885 612 953 tumulum
633 897 757 951 contra
777 882 913 952 bostem
928 886 1097 982 proferri,

127 992 336 1071 &adversas
354 991 479 1075 locaris
506 990 598 1061 intra
620 991 681 1060 has
703 989 874 1061 mediocri
902 994 1096 1074 latitudine
1146 1061 1159 1076 ,

132 1105 278 1192 foliam,
303 1099 402 1175 tectis
428 1102 622 1188 militibus,
644 1100 782 1172 obduci
812 1101 925 1190 iulirt,
952 1107 1096 1178 locum·

133 1215 268 1310 quein
310 1233 433 1284 omnes
454 1227 567 1308 partes
595 1210 889 1303 quammaxime
918 1213 1096 1308 impediri.
1196 1223 1201 1232 '

133 1325 213 1418 Ipse
233 1323 369 1393 idoneis
387 1322 473 1392 locis
507 1319 708 1390 funditores
729 1319 912 1406 instruxit,
933 1338 973 1392 ut
992 1343 1096 1414 prae-

133 1433 223 1505 lidio
249 1430 371 1503 nostris
400 1432 434 1501 se
466 1427 721 1522 recipientibus
749 1424 865 1498 client„
900 1431 964 1499 His
987 1433 1097 1506 rebus
1171 1487 1174 1496 ,

125 1542 344 1636 .·c0mpletis·,
358 1540 513 1640 legiones
527 1537 650 1610 reduci
667 1534 771 1609 iulirt.
801 1539 1010 1632 Pompeiani
1025 1542 1104 1616 hoc·

136 1651 344 1722 insolentius
363 1668 475 1742 atque
493 1647 659 1720 audacius
670 1645 806 1718 'nostros
821 1652 1027 1742 premere&
1039 1654 1101 1725 in·

136 1763 224 1832 stare
248 1777 467 1855 coeperunt,
492 1774 694 1852 cratesque,
716 1783 782 1850 pro
802 1761 1004 1832 munitione
1027 1764 1103 1835 ob-

135 1871 258 1959 iedias,
290 1873 561 1968 propulerunt,
596 1885 639 1939 ut
667 1863 765 1938 follae
798 1859 1098 1949 transcenderent.

136 1983 251 2088 Quod
275 2006 359 2052 cum
378 1975 673 2050 animadvertillet
702 1977 843 2064 Caesar,
871 1982 1024 2069 veritus,
1048 2009 1098 2056 ne
1140 2024 1144 2033 =

137 2113 214 2164 non
238 2085 396 2178 redunt,
429 2090 490 2161 sed
513 2083 632 2160 reiecii
657 2089 884 2176 viderentur,
908 2095 1109 2186 maiusque·

139 2199 398 2274 detrimentum
417 2214 619 2294 caperetur,
638 2197 792 2268 amedio
804 2197 876 2270 fere
891 2200 1004 2294 spatio
1018 2205 1108 2277 lunc·

139 2327 206 2406 per
226 2307 456 2396 Antonium,
487 2305 551 2400 qui
570 2307 601 2376 ei
621 2305 754 2402 legioni
774 2323 951 2398 praeerat,
973 2312 1105 2383 cohor·

139 2437 256 2507 tatus,
276 2419 365 2492 tuba
386 2419 525 2514 signum
545 2415 636 2503 dari,
653 2431 762 2508 atque
782 2417 820 2486 in
846 2418 959 2488 hostes
982 2420 1099 2514 impe.

140 2545 222 2600 tum
245 2530 319 2600 fieri
339 2528 441 2598 iuiiit.
471 2526 601 2598 Milites
631 2525 778 2623 legionis
803 2527 984 2601 rx‘subito
1009 2555 1107 2602 com·

139 2640 256 2736 spirati
269 2639 342 2733 pila
356 2640 607 2726 coniecerunt,
631 2636 664 2708 8c
690 2663 736 2710 ex
750 2637 914 2712 inferiore
932 2645 1013 2715 loco
1031 2645 1098 2716 ad·
1158 2639 1162 2660 ‘

140 2753 258 2824 verius
285 2751 418 2822 clivum
444 2749 579 2821 incitati
602 2749 726 2837 cursu,
761 2752 965 2845 praecipites
985 2755 1107 2832 Pom-·
1180 2757 1183 2762 ’

141 2862 288 2955 peianos
300 2881 464 2959 egerunt,
481 2859 513 2930 8c
531 2877 627 2956 terga
639 2875 777 2930 vertere
794 2874 1004 2959 coegerunt:
1021 2865 1099 2957 qui·

142 2971 211 3043 bus
235 2972 280 3043 ad
311 2971 559 3066 recipiendum
587 2987 694 3040 crates
722 2965 898 3060 dirediae,
929 2975 1111 3072 longurii··

140 3105 216 3176 que
235 3076 387 3168 obieltt,
422 3079 454 3152 8c
475 3081 651 3150 institutae
669 3079 772 3150 follae
795 3104 925 3180 magno
943 3084 1112 3176 impedi.·

143 3203 270 3260 mento
293 3187 449 3258 fuerunt·
472 3187 587 3258 Nostri
605 3180 725 3275 veros
737 3191 800 3280 qui
821 3190 898 3259 satis
919 3193 1115 3272 habebantz

142 3297 215 3368 fine
244 3297 460 3372 detrimento
494 3295 691 3382 discedere,
724 3281 970 3390 compluribus
991 3301 1099 3373 inter·

134 3403 257 3502 scilic,
282 3407 447 3500 quinque
481 3407 634 3476 omnino
656 3405 801 3479 suorum
824 3411 966 3500 amiffis,
980 3427 982 3434 ’
996 3416 1101 3507 quie·

141 3506 268 3586 tiffime
287 3516 322 3586 ie
344 3529 585 3610 receperunt,
608 3518 806 3610 paulloqu'e
832 3522 915 3592 citra
942 3549 1026 3594 eum
1044 3525 1100 3595 ld-

143 3644 229 3697 cum
257 3627 404 3713 morati,
438 3628 511 3696 aliis
536 3628 796 3720 comprehensis
820 3632 989 3718 collibus,
1016 3649 1116 3702 mu-'

141 3735 296 3804 ni'tiones
322 3734 555 3838 perfecerunt.
581 3734 662 3805 Erat
678 3760 769 3806 nova
787 3737 819 3808 ic
837 3739 998 3809 inufitata
1013 3737 1097 3808 belli
1111 3754 1162 3828 47
1220 3824 1223 3830 Ι
1342 3783 1345 3792 1

141 3843 255 3928 ratio,
281 3867 365 3914 cum
389 3863 444 3915 tot
467 3845 693 3918 castellorum
715 3871 891 3933 numero,
920 3862 1098 3942 tantoque

213 3943 280 4016 lut.
300 3941 389 4034 Caes·
413 3942 477 4012 Vol.
490 3947 539 4019 H.
886 3945 904 4012 1
