<?xml version="1.0" encoding="UTF-8"?>
<!DOCTYPE html PUBLIC "-//W3C//DTD XHTML 1.0 Transitional//EN"
    "http://www.w3.org/TR/xhtml1/DTD/xhtml1-transitional.dtd">
<html xmlns="http://www.w3.org/1999/xhtml" xml:lang="en" lang="en">
 <head>
  <title>
</title>
<meta http-equiv="Content-Type" content="text/html;charset=utf-8" />
  <meta name='ocr-system' content='tesseract 3.04.00' />
  <meta name='ocr-capabilities' content='ocr_page ocr_carea ocr_par ocr_line ocrx_word'/>
</head>
<body>
  <div class='ocr_page' id='page_1' title='image "./ciuliicaesarisd01bipogoog_0153.png"; bbox 0 0 2876 4572; ppageno 0'>
   <div class='ocr_carea' id='block_1_1' title="bbox 228 311 1080 483">
    <p class='ocr_par' dir='ltr' id='par_1_1' title="bbox 228 311 1080 483">
     <span class='ocr_line' id='line_1_1' title="bbox 228 311 1080 483; baseline 0.002 -39"><span class='ocrx_word' id='word_1_1' title='bbox 228 467 233 476; x_wconf 13' lang='lat' dir='ltr'>x</span> <span class='ocrx_word' id='word_1_2' title='bbox 340 311 415 463; x_wconf 67' lang='lat' dir='ltr'>tit</span> <span class='ocrx_word' id='word_1_3' title='bbox 539 361 613 483; x_wconf 74' lang='lat' dir='ltr'>ur</span> <span class='ocrx_word' id='word_1_4' title='bbox 648 361 845 441; x_wconf 75' lang='lat' dir='ltr'>nerto</span> <span class='ocrx_word' id='word_1_5' title='bbox 882 313 1080 446; x_wconf 76' lang='lat' dir='ltr'>civim</span> 
     </span>
    </p>
   </div>
   <div class='ocr_carea' id='block_1_2' title="bbox 210 521 1375 3932">
    <p class='ocr_par' dir='ltr' id='par_1_2' title="bbox 210 521 1375 3932">
     <span class='ocr_line' id='line_1_2' title="bbox 336 521 1304 630; baseline 0.011 -33"><span class='ocrx_word' id='word_1_6' title='bbox 336 525 639 620; x_wconf 78' lang='lat' dir='ltr'>Caesaris&#39;,‘&#39;quod</span> <span class='ocrx_word' id='word_1_7' title='bbox 660 525 807 625; x_wconf 84' lang='lat' dir='ltr'>angusto</span> <span class='ocrx_word' id='word_1_8' title='bbox 832 528 958 604; x_wconf 86' lang='lat' dir='ltr'>itinere</span> <span class='ocrx_word' id='word_1_9' title='bbox 980 555 1047 626; x_wconf 88' lang='lat' dir='ltr'>per</span> <span class='ocrx_word' id='word_1_10' title='bbox 1069 535 1210 630; x_wconf 67' lang='lat' dir='ltr'>&#39;aggerat</span> <span class='ocrx_word' id='word_1_11' title='bbox 1235 521 1304 608; x_wconf 59' lang='lat' dir='ltr'>adi</span> 
     </span>
     <span class='ocr_line' id='line_1_3' title="bbox 334 635 1297 742; baseline 0.009 -36"><span class='ocrx_word' id='word_1_12' title='bbox 334 635 549 724; x_wconf 66' lang='lat' dir='ltr'>frendebat,</span> <span class='ocrx_word' id='word_1_13' title='bbox 575 639 736 730; x_wconf 87' lang='lat' dir='ltr'>receptui</span> <span class='ocrx_word' id='word_1_14' title='bbox 755 640 819 710; x_wconf 87' lang='lat' dir='ltr'>suo</span> <span class='ocrx_word' id='word_1_15' title='bbox 844 639 991 729; x_wconf 81' lang='lat' dir='ltr'>timens,</span> <span class='ocrx_word' id='word_1_16' title='bbox 1023 640 1168 714; x_wconf 89' lang='lat' dir='ltr'>initium</span> <span class='ocrx_word' id='word_1_17' title='bbox 1192 642 1297 742; x_wconf 83' lang='lat' dir='ltr'>fugae</span> 
     </span>
     <span class='ocr_line' id='line_1_4' title="bbox 330 733 1363 846; baseline 0.008 -26"><span class='ocrx_word' id='word_1_18' title='bbox 330 746 490 820; x_wconf 77' lang='lat' dir='ltr'><strong>faciebat.</strong></span> <span class='ocrx_word' id='word_1_19' title='bbox 527 733 711 820; x_wconf 79' lang='lat' dir='ltr'>Dextrum.</span> <span class='ocrx_word' id='word_1_20' title='bbox 730 774 866 838; x_wconf 90' lang='lat' dir='ltr'>cornu,</span> <span class='ocrx_word' id='word_1_21' title='bbox 904 752 1006 846; x_wconf 92' lang='lat' dir='ltr'>quod</span> <span class='ocrx_word' id='word_1_22' title='bbox 1031 771 1141 825; x_wconf 87' lang='lat' dir='ltr'>erata</span> <span class='ocrx_word' id='word_1_23' title='bbox 1160 754 1295 828; x_wconf 78' lang='lat' dir='ltr'>sinistro</span> <span class='ocrx_word' id='word_1_24' title='bbox 1356 742 1363 749; x_wconf 45' lang='grc'><strong><em>’</em></strong></span> 
     </span>
     <span class='ocr_line' id='line_1_5' title="bbox 332 861 1294 954; baseline 0.008 -24"><span class='ocrx_word' id='word_1_25' title='bbox 332 861 526 947; x_wconf 83' lang='lat' dir='ltr'>seclusum,</span> <span class='ocrx_word' id='word_1_26' title='bbox 549 879 678 932; x_wconf 85' lang='lat' dir='ltr'>tenore</span> <span class='ocrx_word' id='word_1_27' title='bbox 699 864 865 954; x_wconf 91' lang='lat' dir='ltr'>equitum</span> <span class='ocrx_word' id='word_1_28' title='bbox 888 864 1155 954; x_wconf 84' lang='lat' dir='ltr'>animadverso,</span> <span class='ocrx_word' id='word_1_29' title='bbox 1173 891 1220 938; x_wconf 90' lang='lat' dir='ltr'>ne</span> <span class='ocrx_word' id='word_1_30' title='bbox 1236 870 1294 938; x_wconf 87' lang='lat' dir='ltr'>in-</span> 
     </span>
     <span class='ocr_line' id='line_1_6' title="bbox 332 971 1294 1070; baseline 0.007 -28"><span class='ocrx_word' id='word_1_31' title='bbox 332 988 385 1042; x_wconf 88' lang='lat' dir='ltr'>tra</span> <span class='ocrx_word' id='word_1_32' title='bbox 411 971 654 1041; x_wconf 87' lang='lat' dir='ltr'>munitionem</span> <span class='ocrx_word' id='word_1_33' title='bbox 679 972 964 1064; x_wconf 83' lang='lat' dir='ltr'>opprimeretur,</span> <span class='ocrx_word' id='word_1_34' title='bbox 995 997 1035 1046; x_wconf 88' lang='lat' dir='ltr'>ea</span> <span class='ocrx_word' id='word_1_35' title='bbox 1061 998 1186 1070; x_wconf 88' lang='lat' dir='ltr'>parre,</span> <span class='ocrx_word' id='word_1_36' title='bbox 1219 1000 1294 1070; x_wconf 82' lang='lat' dir='ltr'>qua</span> 
     </span>
     <span class='ocr_line' id='line_1_7' title="bbox 331 1079 1293 1179; baseline 0.01 -29"><span class='ocrx_word' id='word_1_37' title='bbox 331 1097 537 1175; x_wconf 78' lang='lat' dir='ltr'>prorueret,</span> <span class='ocrx_word' id='word_1_38' title='bbox 552 1079 620 1154; x_wconf 87' lang='lat' dir='ltr'>lese</span> <span class='ocrx_word' id='word_1_39' title='bbox 637 1082 846 1174; x_wconf 84' lang='lat' dir='ltr'>recipiebat,</span> <span class='ocrx_word' id='word_1_40' title='bbox 874 1108 913 1154; x_wconf 84' lang='lat' dir='ltr'>ac</span> <span class='ocrx_word' id='word_1_41' title='bbox 927 1085 1092 1179; x_wconf 84' lang='lat' dir='ltr'>plerique</span> <span class='ocrx_word' id='word_1_42' title='bbox 1108 1111 1152 1158; x_wconf 86' lang='lat' dir='ltr'>ex</span> <span class='ocrx_word' id='word_1_43' title='bbox 1169 1089 1226 1176; x_wconf 74' lang='lat' dir='ltr'>iis,</span> <span class='ocrx_word' id='word_1_44' title='bbox 1246 1112 1293 1160; x_wconf 85' lang='lat' dir='ltr'>ne</span> 
     </span>
     <span class='ocr_line' id='line_1_8' title="bbox 330 1187 1293 1289; baseline 0.006 -27"><span class='ocrx_word' id='word_1_45' title='bbox 330 1191 371 1266; x_wconf 86' lang='lat' dir='ltr'>in</span> <span class='ocrx_word' id='word_1_46' title='bbox 390 1191 558 1289; x_wconf 81' lang='lat' dir='ltr'>angustias</span> <span class='ocrx_word' id='word_1_47' title='bbox 575 1191 793 1279; x_wconf 84' lang='lat' dir='ltr'>inciderent,</span> <span class='ocrx_word' id='word_1_48' title='bbox 818 1187 943 1265; x_wconf 85' lang='lat' dir='ltr'>decein</span> <span class='ocrx_word' id='word_1_49' title='bbox 963 1195 1099 1288; x_wconf 90' lang='lat' dir='ltr'>pedum</span> <span class='ocrx_word' id='word_1_50' title='bbox 1120 1197 1293 1269; x_wconf 88' lang='lat' dir='ltr'>munitio·</span> 
     </span>
     <span class='ocr_line' id='line_1_9' title="bbox 321 1301 1350 1402; baseline 0.004 -28"><span class='ocrx_word' id='word_1_51' title='bbox 321 1303 387 1374; x_wconf 79' lang='lat' dir='ltr'>nir</span> <span class='ocrx_word' id='word_1_52' title='bbox 398 1302 431 1375; x_wconf 91' lang='lat' dir='ltr'>se</span> <span class='ocrx_word' id='word_1_53' title='bbox 447 1305 484 1372; x_wconf 88' lang='lat' dir='ltr'>in</span> <span class='ocrx_word' id='word_1_54' title='bbox 501 1301 599 1374; x_wconf 72' lang='lat' dir='ltr'>iollas</span> <span class='ocrx_word' id='word_1_55' title='bbox 613 1303 911 1396; x_wconf 82' lang='lat' dir='ltr'>praecipitabant:</span> <span class='ocrx_word' id='word_1_56' title='bbox 936 1306 1129 1400; x_wconf 87' lang='lat' dir='ltr'>primisque</span> <span class='ocrx_word' id='word_1_57' title='bbox 1146 1307 1293 1402; x_wconf 82' lang='lat' dir='ltr'>oppres·</span> <span class='ocrx_word' id='word_1_58' title='bbox 1336 1344 1350 1357; x_wconf 39' lang='lat' dir='ltr'>x</span> 
     </span>
     <span class='ocr_line' id='line_1_10' title="bbox 310 1403 1292 1512; baseline 0 -23"><span class='ocrx_word' id='word_1_59' title='bbox 310 1418 397 1506; x_wconf 67' lang='lat' dir='ltr'>las,</span> <span class='ocrx_word' id='word_1_60' title='bbox 417 1416 545 1508; x_wconf 83' lang='lat' dir='ltr'>reliqui</span> <span class='ocrx_word' id='word_1_61' title='bbox 563 1403 631 1512; x_wconf 77' lang='lat' dir='ltr'>&#39;per</span> <span class='ocrx_word' id='word_1_62' title='bbox 653 1415 784 1486; x_wconf 86' lang='lat' dir='ltr'>horum</span> <span class='ocrx_word' id='word_1_63' title='bbox 810 1439 964 1506; x_wconf 86' lang='lat' dir='ltr'>corpora¹</span> <span class='ocrx_word' id='word_1_64' title='bbox 980 1418 1129 1488; x_wconf 73' lang='lat' dir='ltr'>l&#39;alutem&#39;</span> <span class='ocrx_word' id='word_1_65' title='bbox 1152 1420 1215 1488; x_wconf 82' lang='lat' dir='ltr'>fibi</span> <span class='ocrx_word' id='word_1_66' title='bbox 1237 1431 1292 1490; x_wconf 86' lang='lat' dir='ltr'>at·</span> 
     </span>
     <span class='ocr_line' id='line_1_11' title="bbox 331 1513 1290 1621; baseline 0.002 -22.901"><span class='ocrx_word' id='word_1_67' title='bbox 331 1552 405 1621; x_wconf 89' lang='lat' dir='ltr'>que</span> <span class='ocrx_word' id='word_1_68' title='bbox 429 1525 566 1608; x_wconf 67' lang='lat' dir='ltr'>exitum</span> <span class='ocrx_word' id='word_1_69' title='bbox 588 1523 783 1619; x_wconf 83' lang='lat' dir='ltr'>pariebant</span> <span class='ocrx_word' id='word_1_70' title='bbox 815 1523 957 1596; x_wconf 86' lang='lat' dir='ltr'>Sinistro</span> <span class='ocrx_word' id='word_1_71' title='bbox 991 1549 1104 1599; x_wconf 88' lang='lat' dir='ltr'>cornu</span> <span class='ocrx_word' id='word_1_72' title='bbox 1133 1513 1290 1618; x_wconf 75' lang='lat' dir='ltr'>militei,</span> 
     </span>
     <span class='ocr_line' id='line_1_12' title="bbox 329 1634 1286 1736; baseline 0.002 -28"><span class='ocrx_word' id='word_1_73' title='bbox 329 1659 416 1708; x_wconf 86' lang='lat' dir='ltr'>cum</span> <span class='ocrx_word' id='word_1_74' title='bbox 439 1661 485 1707; x_wconf 86' lang='lat' dir='ltr'>ex</span> <span class='ocrx_word' id='word_1_75' title='bbox 507 1637 599 1706; x_wconf 87' lang='lat' dir='ltr'>vallo</span> <span class='ocrx_word' id='word_1_76' title='bbox 617 1634 829 1727; x_wconf 88' lang='lat' dir='ltr'>Pompeium</span> <span class='ocrx_word' id='word_1_77' title='bbox 851 1634 984 1726; x_wconf 80' lang='lat' dir='ltr'>adesse,</span> <span class='ocrx_word' id='word_1_78' title='bbox 1008 1636 1040 1706; x_wconf 84' lang='lat' dir='ltr'>8t</span> <span class='ocrx_word' id='word_1_79' title='bbox 1062 1637 1142 1707; x_wconf 88' lang='lat' dir='ltr'>suos</span> <span class='ocrx_word' id='word_1_80' title='bbox 1163 1637 1286 1736; x_wconf 84' lang='lat' dir='ltr'>fugere</span> 
     </span>
     <span class='ocr_line' id='line_1_13' title="bbox 330 1743 1287 1840; baseline -0.004 -20"><span class='ocrx_word' id='word_1_81' title='bbox 330 1763 533 1832; x_wconf 79' lang='lat' dir='ltr'>cernerent,</span> <span class='ocrx_word' id='word_1_82' title='bbox 552 1743 670 1829; x_wconf 89' lang='lat' dir='ltr'>veriti,</span> <span class='ocrx_word' id='word_1_83' title='bbox 693 1767 739 1813; x_wconf 84' lang='lat' dir='ltr'>ne</span> <span class='ocrx_word' id='word_1_84' title='bbox 764 1743 925 1840; x_wconf 84' lang='lat' dir='ltr'>angustiis</span> <span class='ocrx_word' id='word_1_85' title='bbox 950 1745 1287 1834; x_wconf 83' lang='lat' dir='ltr'>intercluderentur,</span> 
     </span>
     <span class='ocr_line' id='line_1_14' title="bbox 329 1844 1287 1942; baseline -0.004 -14"><span class='ocrx_word' id='word_1_86' title='bbox 329 1880 415 1930; x_wconf 80' lang='lat' dir='ltr'>eum</span> <span class='ocrx_word' id='word_1_87' title='bbox 440 1870 542 1925; x_wconf 76' lang='lat' dir='ltr'>‘extra</span> <span class='ocrx_word' id='word_1_88' title='bbox 567 1850 598 1925; x_wconf 86' lang='lat' dir='ltr'>8c</span> <span class='ocrx_word' id='word_1_89' title='bbox 620 1854 714 1922; x_wconf 79' lang='lat' dir='ltr'>intus</span> <span class='ocrx_word' id='word_1_90' title='bbox 742 1844 879 1924; x_wconf 86' lang='lat' dir='ltr'>hostem</span> <span class='ocrx_word' id='word_1_91' title='bbox 903 1854 1095 1940; x_wconf 89' lang='lat' dir='ltr'>haberent,</span> <span class='ocrx_word' id='word_1_92' title='bbox 1126 1854 1287 1942; x_wconf 91' lang='lat' dir='ltr'>eodem,</span> 
     </span>
     <span class='ocr_line' id='line_1_15' title="bbox 328 1948 1372 2063; baseline -0.004 -23"><span class='ocrx_word' id='word_1_93' title='bbox 328 1993 404 2063; x_wconf 91' lang='lat' dir='ltr'>quo</span> <span class='ocrx_word' id='word_1_94' title='bbox 421 1981 613 2050; x_wconf 86' lang='lat' dir='ltr'>venerant,</span> <span class='ocrx_word' id='word_1_95' title='bbox 637 1948 860 2057; x_wconf 58' lang='lat' dir='ltr'>receptu&#39;fibi</span> <span class='ocrx_word' id='word_1_96' title='bbox 873 1963 1124 2049; x_wconf 84' lang='lat' dir='ltr'>consulebant3</span> <span class='ocrx_word' id='word_1_97' title='bbox 1145 1965 1285 2036; x_wconf 81' lang='lat' dir='ltr'>omnia·</span> <span class='ocrx_word' id='word_1_98' title='bbox 1368 1969 1372 1976; x_wconf 70' lang='grc'>“</span> 
     </span>
     <span class='ocr_line' id='line_1_16' title="bbox 327 2073 1375 2172; baseline -0.006 -22"><span class='ocrx_word' id='word_1_99' title='bbox 327 2095 401 2171; x_wconf 83' lang='lat' dir='ltr'>que</span> <span class='ocrx_word' id='word_1_100' title='bbox 423 2094 520 2149; x_wconf 85' lang='lat' dir='ltr'>erant</span> <span class='ocrx_word' id='word_1_101' title='bbox 542 2076 738 2160; x_wconf 83' lang='lat' dir='ltr'>turnultus,</span> <span class='ocrx_word' id='word_1_102' title='bbox 763 2073 916 2160; x_wconf 85' lang='lat' dir='ltr'>timoris,</span> <span class='ocrx_word' id='word_1_103' title='bbox 946 2073 1048 2172; x_wconf 84' lang='lat' dir='ltr'>fugae</span> <span class='ocrx_word' id='word_1_104' title='bbox 1070 2078 1193 2168; x_wconf 80' lang='lat' dir='ltr'>plena,</span> <span class='ocrx_word' id='word_1_105' title='bbox 1220 2075 1284 2145; x_wconf 83' lang='lat' dir='ltr'>ad·</span> <span class='ocrx_word' id='word_1_106' title='bbox 1372 2115 1375 2122; x_wconf 91' lang='lat'>·</span> 
     </span>
     <span class='ocr_line' id='line_1_17' title="bbox 327 2183 1284 2282; baseline -0.002 -22"><span class='ocrx_word' id='word_1_107' title='bbox 327 2213 394 2278; x_wconf 88' lang='lat' dir='ltr'>eo,</span> <span class='ocrx_word' id='word_1_108' title='bbox 412 2205 473 2275; x_wconf 88' lang='lat' dir='ltr'>ut,</span> <span class='ocrx_word' id='word_1_109' title='bbox 490 2209 574 2258; x_wconf 84' lang='lat' dir='ltr'>tum</span> <span class='ocrx_word' id='word_1_110' title='bbox 590 2183 710 2256; x_wconf 86' lang='lat' dir='ltr'>Caesar</span> <span class='ocrx_word' id='word_1_111' title='bbox 729 2185 822 2282; x_wconf 77' lang='lat' dir='ltr'>signa</span> <span class='ocrx_word' id='word_1_112' title='bbox 841 2183 1056 2282; x_wconf 83' lang='lat' dir='ltr'>fugientium</span> <span class='ocrx_word' id='word_1_113' title='bbox 1074 2211 1184 2258; x_wconf 88' lang='lat' dir='ltr'>manu</span> <span class='ocrx_word' id='word_1_114' title='bbox 1202 2211 1284 2280; x_wconf 85' lang='lat' dir='ltr'>pre·</span> 
     </span>
     <span class='ocr_line' id='line_1_18' title="bbox 326 2294 1283 2390; baseline -0.003 -20"><span class='ocrx_word' id='word_1_115' title='bbox 326 2298 558 2384; x_wconf 84' lang='lat' dir='ltr'>henderet,8c</span> <span class='ocrx_word' id='word_1_116' title='bbox 578 2295 758 2366; x_wconf 78' lang='lat' dir='ltr'>consistere</span> <span class='ocrx_word' id='word_1_117' title='bbox 776 2294 937 2382; x_wconf 87' lang='lat' dir='ltr'>iuberet,</span> <span class='ocrx_word' id='word_1_118' title='bbox 950 2295 1007 2366; x_wconf 89' lang='lat' dir='ltr'>alii</span> <span class='ocrx_word' id='word_1_119' title='bbox 1024 2295 1164 2366; x_wconf 82' lang='lat' dir='ltr'>dimillis</span> <span class='ocrx_word' id='word_1_120' title='bbox 1181 2297 1283 2390; x_wconf 71' lang='lat' dir='ltr'>equis</span> 
     </span>
     <span class='ocr_line' id='line_1_19' title="bbox 327 2405 1279 2492; baseline -0.002 -13"><span class='ocrx_word' id='word_1_121' title='bbox 327 2409 484 2479; x_wconf 85' lang='lat' dir='ltr'>eundem</span> <span class='ocrx_word' id='word_1_122' title='bbox 504 2406 651 2478; x_wconf 78' lang='lat' dir='ltr'>eorsum</span> <span class='ocrx_word' id='word_1_123' title='bbox 672 2405 910 2492; x_wconf 80' lang='lat' dir='ltr'>conficerent,</span> <span class='ocrx_word' id='word_1_124' title='bbox 925 2405 982 2474; x_wconf 90' lang='lat' dir='ltr'>alii</span> <span class='ocrx_word' id='word_1_125' title='bbox 996 2430 1041 2475; x_wconf 84' lang='lat' dir='ltr'>ex</span> <span class='ocrx_word' id='word_1_126' title='bbox 1056 2424 1156 2476; x_wconf 88' lang='lat' dir='ltr'>metu</span> <span class='ocrx_word' id='word_1_127' title='bbox 1172 2408 1279 2478; x_wconf 84' lang='lat' dir='ltr'>etiam</span> 
     </span>
     <span class='ocr_line' id='line_1_20' title="bbox 210 2514 1281 2614; baseline -0.001 -27"><span class='ocrx_word' id='word_1_128' title='bbox 210 2517 219 2535; x_wconf 87' lang='grc'><strong>’</strong></span> <span class='ocrx_word' id='word_1_129' title='bbox 271 2553 274 2561; x_wconf 54' lang='lat'><em>2</em></span> <span class='ocrx_word' id='word_1_130' title='bbox 327 2517 421 2614; x_wconf 84' lang='lat' dir='ltr'>figna</span> <span class='ocrx_word' id='word_1_131' title='bbox 431 2515 663 2598; x_wconf 83' lang='lat' dir='ltr'>dimitterent,</span> <span class='ocrx_word' id='word_1_132' title='bbox 679 2535 799 2604; x_wconf 89' lang='lat' dir='ltr'>neque</span> <span class='ocrx_word' id='word_1_133' title='bbox 822 2514 1011 2607; x_wconf 86' lang='lat' dir='ltr'>quisquam</span> <span class='ocrx_word' id='word_1_134' title='bbox 1025 2516 1175 2586; x_wconf 90' lang='lat' dir='ltr'>omnino</span> <span class='ocrx_word' id='word_1_135' title='bbox 1192 2539 1281 2586; x_wconf 89' lang='lat' dir='ltr'>con·</span> 
     </span>
     <span class='ocr_line' id='line_1_21' title="bbox 228 2616 1281 2721; baseline 0.004 -27"><span class='ocrx_word' id='word_1_136' title='bbox 228 2667 233 2684; x_wconf 49' lang='lat' dir='ltr'>t</span> <span class='ocrx_word' id='word_1_137' title='bbox 263 2625 464 2721; x_wconf 85' lang='lat' dir='ltr'>7ol1steret.</span> <span class='ocrx_word' id='word_1_138' title='bbox 492 2623 556 2693; x_wconf 80' lang='lat' dir='ltr'>Hie</span> <span class='ocrx_word' id='word_1_139' title='bbox 573 2623 678 2693; x_wconf 82' lang='lat' dir='ltr'>tantis</span> <span class='ocrx_word' id='word_1_140' title='bbox 699 2624 797 2692; x_wconf 85' lang='lat' dir='ltr'>malis</span> <span class='ocrx_word' id='word_1_141' title='bbox 817 2616 902 2693; x_wconf 75' lang='lat' dir='ltr'>haee</span> <span class='ocrx_word' id='word_1_142' title='bbox 927 2625 1078 2696; x_wconf 79' lang='lat' dir='ltr'>fubfidia</span> <span class='ocrx_word' id='word_1_143' title='bbox 1102 2629 1281 2699; x_wconf 75' lang='lat' dir='ltr'>{occurre-</span> 
     </span>
     <span class='ocr_line' id='line_1_22' title="bbox 327 2731 1279 2830; baseline 0 -22"><span class='ocrx_word' id='word_1_144' title='bbox 327 2738 416 2808; x_wconf 87' lang='lat' dir='ltr'>bant</span> <span class='ocrx_word' id='word_1_145' title='bbox 429 2759 521 2828; x_wconf 90' lang='lat' dir='ltr'>,quo</span> <span class='ocrx_word' id='word_1_146' title='bbox 531 2735 650 2806; x_wconf 82' lang='lat' dir='ltr'>minue</span> <span class='ocrx_word' id='word_1_147' title='bbox 659 2732 774 2803; x_wconf 89' lang='lat' dir='ltr'>omnis</span> <span class='ocrx_word' id='word_1_148' title='bbox 788 2731 965 2807; x_wconf 89' lang='lat' dir='ltr'>deleretur</span> <span class='ocrx_word' id='word_1_149' title='bbox 977 2737 1160 2824; x_wconf 84' lang='lat' dir='ltr'>exercitus,</span> <span class='ocrx_word' id='word_1_150' title='bbox 1171 2738 1279 2830; x_wconf 90' lang='lat' dir='ltr'>quod</span> 
     </span>
     <span class='ocr_line' id='line_1_23' title="bbox 302 2835 1277 2943; baseline 0 -23"><span class='ocrx_word' id='word_1_151' title='bbox 302 2835 515 2943; x_wconf 45' lang='lat' dir='ltr'>J&#39;Pompeius</span> <span class='ocrx_word' id='word_1_152' title='bbox 545 2844 682 2914; x_wconf 86' lang='lat' dir='ltr'>infidias</span> <span class='ocrx_word' id='word_1_153' title='bbox 708 2844 854 2931; x_wconf 87' lang='lat' dir='ltr'>timens,</span> <span class='ocrx_word' id='word_1_154' title='bbox 880 2845 1035 2938; x_wconf 89' lang='lat' dir='ltr'>(cred0,</span> <span class='ocrx_word' id='word_1_155' title='bbox 1061 2849 1163 2940; x_wconf 91' lang='lat' dir='ltr'>quod</span> <span class='ocrx_word' id='word_1_156' title='bbox 1188 2852 1277 2920; x_wconf 85' lang='lat' dir='ltr'>haec</span> 
     </span>
     <span class='ocr_line' id='line_1_24' title="bbox 323 2952 1277 3052; baseline -0.001 -23"><span class='ocrx_word' id='word_1_157' title='bbox 323 2969 460 3052; x_wconf 82' lang='lat' dir='ltr'>praeter</span> <span class='ocrx_word' id='word_1_158' title='bbox 482 2955 580 3049; x_wconf 90' lang='lat' dir='ltr'>spem</span> <span class='ocrx_word' id='word_1_159' title='bbox 602 2952 806 3024; x_wconf 65' lang='lat' dir='ltr'>»acciderant</span> <span class='ocrx_word' id='word_1_160' title='bbox 825 2953 926 3040; x_wconf 86' lang='lat' dir='ltr'>eius,</span> <span class='ocrx_word' id='word_1_161' title='bbox 958 2955 1021 3046; x_wconf 93' lang='lat' dir='ltr'>qui</span> <span class='ocrx_word' id='word_1_162' title='bbox 1045 2959 1177 3050; x_wconf 88' lang='lat' dir='ltr'>paullo.</span> <span class='ocrx_word' id='word_1_163' title='bbox 1192 2974 1277 3029; x_wconf 90' lang='lat' dir='ltr'>ante</span> 
     </span>
     <span class='ocr_line' id='line_1_25' title="bbox 323 3061 1292 3161; baseline -0.008 -23"><span class='ocrx_word' id='word_1_164' title='bbox 323 3092 369 3138; x_wconf 85' lang='lat' dir='ltr'>ex</span> <span class='ocrx_word' id='word_1_165' title='bbox 389 3065 499 3137; x_wconf 85' lang='lat' dir='ltr'>castris</span> <span class='ocrx_word' id='word_1_166' title='bbox 526 3063 699 3161; x_wconf 77' lang='lat' dir='ltr'>fugientes</span> <span class='ocrx_word' id='word_1_167' title='bbox 715 3061 794 3132; x_wconf 86' lang='lat' dir='ltr'>suos</span> <span class='ocrx_word' id='word_1_168' title='bbox 807 3063 1080 3160; x_wconf 87' lang='lat' dir='ltr'>conspexerat,)</span> <span class='ocrx_word' id='word_1_169' title='bbox 1102 3067 1292 3136; x_wconf 86' lang='lat' dir='ltr'>munitio-.</span> 
     </span>
     <span class='ocr_line' id='line_1_26' title="bbox 321 3172 1275 3269; baseline -0.006 -21"><span class='ocrx_word' id='word_1_170' title='bbox 321 3177 427 3249; x_wconf 79' lang='lat' dir='ltr'>nibus</span> <span class='ocrx_word' id='word_1_171' title='bbox 446 3174 736 3269; x_wconf 86' lang='lat' dir='ltr'>appropinquare</span> <span class='ocrx_word' id='word_1_172' title='bbox 761 3172 982 3262; x_wconf 81' lang='lat' dir='ltr'>aliquamdiu</span> <span class='ocrx_word' id='word_1_173' title='bbox 1005 3197 1081 3244; x_wconf 91' lang='lat' dir='ltr'>non</span> <span class='ocrx_word' id='word_1_174' title='bbox 1103 3173 1275 3262; x_wconf 86' lang='lat' dir='ltr'>audebat,</span> 
     </span>
     <span class='ocr_line' id='line_1_27' title="bbox 320 3281 1274 3382; baseline -0.01 -24"><span class='ocrx_word' id='word_1_175' title='bbox 320 3289 530 3380; x_wconf 79' lang='lat' dir='ltr'>equitesque</span> <span class='ocrx_word' id='word_1_176' title='bbox 552 3284 647 3367; x_wconf 86' lang='lat' dir='ltr'>eius,</span> <span class='ocrx_word' id='word_1_177' title='bbox 685 3281 847 3378; x_wconf 83' lang='lat' dir='ltr'>angustiis</span> <span class='ocrx_word' id='word_1_178' title='bbox 870 3281 1053 3374; x_wconf 89' lang='lat' dir='ltr'>portisque</span> <span class='ocrx_word' id='word_1_179' title='bbox 1079 3307 1096 3351; x_wconf 87' lang='lat' dir='ltr'>a</span> <span class='ocrx_word' id='word_1_180' title='bbox 1125 3281 1274 3382; x_wconf 66' lang='lat' dir='ltr'>Caesaris</span> 
     </span>
     <span class='ocr_line' id='line_1_28' title="bbox 252 3388 1274 3486; baseline -0.015 -22"><span class='ocrx_word' id='word_1_181' title='bbox 252 3457 256 3464; x_wconf 91' lang='grc'><em>,</em></span> <span class='ocrx_word' id='word_1_182' title='bbox 319 3396 493 3466; x_wconf 84' lang='lat' dir='ltr'>militibus</span> <span class='ocrx_word' id='word_1_183' title='bbox 516 3391 711 3486; x_wconf 78' lang='lat' dir='ltr'>occupatis,</span> <span class='ocrx_word' id='word_1_184' title='bbox 737 3390 782 3458; x_wconf 89' lang='lat' dir='ltr'>ad</span> <span class='ocrx_word' id='word_1_185' title='bbox 799 3388 1063 3481; x_wconf 81' lang='lat' dir='ltr'>insequendum</span> <span class='ocrx_word' id='word_1_186' title='bbox 1086 3391 1274 3465; x_wconf 76' lang='lat' dir='ltr'>tardaban-</span> 
     </span>
     <span class='ocr_line' id='line_1_29' title="bbox 321 3486 1274 3596; baseline -0.005 -21"><span class='ocrx_word' id='word_1_187' title='bbox 321 3519 396 3576; x_wconf 69' lang='lat' dir='ltr'>tur:</span> <span class='ocrx_word' id='word_1_188' title='bbox 422 3505 475 3576; x_wconf 86' lang='lat' dir='ltr'>Ita</span> <span class='ocrx_word' id='word_1_189' title='bbox 496 3511 621 3596; x_wconf 77' lang='lat' dir='ltr'>parvae</span> <span class='ocrx_word' id='word_1_190' title='bbox 646 3526 698 3569; x_wconf 86' lang='lat' dir='ltr'>res</span> <span class='ocrx_word' id='word_1_191' title='bbox 719 3521 891 3596; x_wconf 85' lang='lat' dir='ltr'>magnum</span> <span class='ocrx_word' id='word_1_192' title='bbox 916 3499 953 3566; x_wconf 91' lang='lat' dir='ltr'>in</span> <span class='ocrx_word' id='word_1_193' title='bbox 975 3486 1166 3591; x_wconf 84' lang='lat' dir='ltr'>utramque</span> <span class='ocrx_word' id='word_1_194' title='bbox 1190 3525 1274 3593; x_wconf 82' lang='lat' dir='ltr'>par-</span> 
     </span>
     <span class='ocr_line' id='line_1_30' title="bbox 242 3611 1272 3702; baseline -0.006 -16"><span class='ocrx_word' id='word_1_195' title='bbox 242 3633 250 3642; x_wconf 83' lang='lat'><em>·</em></span> <span class='ocrx_word' id='word_1_196' title='bbox 319 3633 393 3688; x_wconf 86' lang='lat' dir='ltr'>tem</span> <span class='ocrx_word' id='word_1_197' title='bbox 417 3633 645 3688; x_wconf 84' lang='lat' dir='ltr'>momentum</span> <span class='ocrx_word' id='word_1_198' title='bbox 666 3613 879 3694; x_wconf 78' lang='lat' dir='ltr'>habueruut.</span> <span class='ocrx_word' id='word_1_199' title='bbox 905 3611 1126 3682; x_wconf 86' lang='lat' dir='ltr'>Munitiones</span> <span class='ocrx_word' id='word_1_200' title='bbox 1152 3616 1272 3702; x_wconf 89' lang='lat' dir='ltr'>enim,</span> 
     </span>
     <span class='ocr_line' id='line_1_31' title="bbox 319 3718 1273 3818; baseline -0.005 -21"><span class='ocrx_word' id='word_1_201' title='bbox 319 3727 469 3800; x_wconf 80' lang='lat' dir='ltr'>a&#39;callris</span> <span class='ocrx_word' id='word_1_202' title='bbox 495 3728 540 3796; x_wconf 93' lang='lat' dir='ltr'>ad</span> <span class='ocrx_word' id='word_1_203' title='bbox 560 3723 698 3818; x_wconf 77' lang='lat' dir='ltr'>fiumen</span> <span class='ocrx_word' id='word_1_204' title='bbox 719 3718 935 3815; x_wconf 64' lang='lat' dir='ltr'>perdudlae,</span> <span class='ocrx_word' id='word_1_205' title='bbox 968 3725 1176 3818; x_wconf 86' lang='lat' dir='ltr'>expugnatis</span> <span class='ocrx_word' id='word_1_206' title='bbox 1201 3725 1273 3792; x_wconf 87' lang='lat' dir='ltr'>iam</span> 
     </span>
     <span class='ocr_line' id='line_1_32' title="bbox 220 3832 1277 3932; baseline -0.005 -23"><span class='ocrx_word' id='word_1_207' title='bbox 220 3878 225 3884; x_wconf 91' lang='lat'><em>·</em></span> <span class='ocrx_word' id='word_1_208' title='bbox 320 3839 432 3910; x_wconf 83' lang='lat' dir='ltr'>castris</span> <span class='ocrx_word' id='word_1_209' title='bbox 452 3835 635 3932; x_wconf 85' lang='lat' dir='ltr'>Pompeii,</span> <span class='ocrx_word' id='word_1_210' title='bbox 656 3835 837 3928; x_wconf 86' lang='lat' dir='ltr'>propriam</span> <span class='ocrx_word' id='word_1_211' title='bbox 855 3834 887 3906; x_wconf 76' lang='lat' dir='ltr'>dc</span> <span class='ocrx_word' id='word_1_212' title='bbox 908 3832 1113 3928; x_wconf 85' lang='lat' dir='ltr'>expeditam</span> <span class='ocrx_word' id='word_1_213' title='bbox 1129 3834 1277 3906; x_wconf 81' lang='lat' dir='ltr'>Cael&#39;arie</span> 
     </span>
    </p>
   </div>
   <div class='ocr_carea' id='block_1_3' title="bbox 289 935 294 976">
    <p class='ocr_par' dir='ltr' id='par_1_3' title="bbox 289 935 294 976">
     <span class='ocr_line' id='line_1_33' title="bbox 289 935 294 976; baseline 0 0"><span class='ocrx_word' id='word_1_214' title='bbox 289 935 294 976; x_wconf 91' lang='lat' dir='ltr'>l</span> 
     </span>
    </p>
   </div>
   <div class='ocr_carea' id='block_1_4' title="bbox 0 0 1442 4572">
    <p class='ocr_par' dir='ltr' id='par_1_4' title="bbox 0 0 1442 4572">
     <span class='ocr_line' id='line_1_34' title="bbox 0 0 1442 4572; baseline 0 5"><span class='ocrx_word' id='word_1_215' title='bbox 0 0 1442 4572; x_wconf 95' lang='lat' dir='ltr'> </span> 
     </span>
    </p>
   </div>
  </div>
 </body>
</html>
