2876 4572
315 353 563 452 nembro
587 345 734 444 crvnr
760 337 844 442 uri
872 364 943 443 rn
1049 343 1109 471 37*

24 557 26 688 q
133 539 235 613 enim
250 537 324 610 erat
340 557 475 625 annus,
508 559 586 630 quo
598 537 664 630 'per
684 536 778 631 leges
794 557 827 605 er
815 523 1024 605 consulem
1042 529 1104 606 fie'

24 689 25 702 2
123 652 164 724 ri
187 629 320 724 liceret.
352 647 417 722 His
443 647 553 740 rebus
579 641 766 735 corrfettis,
798 668 884 718 cum
911 645 998 717 fides
1022 659 1100 716 tota

131 761 237 833 Italia
266 759 349 832 effer
369 735 567 857 angustior,
603 779 725 849 neque
747 753 902 826 creditae
927 755 1124 859 pecunias·¹

115 871 384 960 solverentur,
406 866 609 954 constituit,
631 863 808 938 ut'arbitri
827 863 1016 938 darentur:
1037 885 1103 960 per
1214 931 1216 946 ,

133 1005 197 1053 eos
220 982 348 1052 fierent
364 979 620 1050 aestimationes
640 975 890 1073 poffeffionum
912 977 1103 1067 herum,

132 1089 269 1185 quanti
290 1111 459 1183 quaeque
490 1085 633 1156 illarum
664 1101 747 1156 ante
775 1084 914 1157 beilum
938 1083 1104 1176 fuissent,

24 1235 27 1246 ’
134 1217 253 1294 atque
284 1225 345 1272 eae
375 1185 613 1291 creditoribus
643 1193 920 1266 transderentur.
960 1193 1043 1266 Hoc
1068 1193 1105 1269 8c

135 1313 187 1384 ad
208 1311 376 1382 timorem
397 1331 572 1380 novarum
591 1305 797 1400 tabqlarum
812 1305 1018 1378 tollendum
1037 1307 1104 1378 mi·

136 1420 425 1514 nuendumque,
448 1418 513 1510 qui
537 1413 610 1488 fere
627 1415 722 1487 belia
740 1417 772 1489 8t
793 1417 913 1488 civiles
926 1415 1104 1488 differisro-
1136 1407 1145 1473 .'

138 1555 206 1603 nes
227 1529 328 1624 sequi
350 1527 557 1614 consuevit,
580 1525 613 1598 Rc
631 1525 677 1598 ad
698 1523 908 1602 debitorum
928 1529 1109 1628 tuendam,

138 1637 455 1722 existimationem,
466 1631 532 1705 eise
541 1633 757 1728 aptiffimum
767 1624 986 1733 existimavit.
995 1635 1103 1728 Item,

139 1748 370 1846 praetoribus
382 1745 610 1840 tribunisque
629 1748 744 1841 plebis
761 1752 958 1847 rogationes
975 1752 1021 1822 ad
1034 1775 1105 1846 po·

140 1863 275 1956 pulum
290 1857 507 1944 ferentibus,
530 1859 1106 1957 nonnu110s‚ambrtuspompera

141 1971 223 2068 lege
237 1967 434 2038 damnatos
440 1967 507 2038 illis
527 1969 774 2061 temporibus,
800 1971 962 2062 quibus
954 1997 992 2043 rn
1013 1975 1106 2045 urbe

139 2063 319 2173 praefidia
346 2075 534 2172 legionum
554 2075 748 2170 Pompeius
768 2077 960 2184 habuerat,
989 2081 1105 2176 (quae

24 2255 26 2276 ,
141 2186 302 2272 iudicia,
337 2185 412 2254 aliis
435 2183 664 2255 audientibus
696 2177 894 2277 iudicibus,
927 2190 999 2260 aliis
1027 2192 1107 2264 sen·

25 2298 40 2344 ¹‘
140 2293 298 2389 tentiam
316 2293 534 2380 ferentibus,
560 2291 700 2417 singulis
726 2293 852 2366 diebus
868 2312 967 2367 erant
992 2298 1107 2391 perfe-
1231 2361 1233 2364 .

144 2517 259 2592 civilis
280 2516 367 2588 belli
388 2517 618 2602 obtulerant,
636 2508 668 2584 fr
691 2513 750 2600 sua
766 2518 925 2610 operain
938 2518 1035 2592 bello
1053 2520 1107 2592 uti

143 2628 279 2713 vellet,
308 2625 462 2719 proinde
477 2624 680 2711 aestimans,
698 2625 779 2696 acfi
803 2627 882 2701 usus
896 2625 995 2716 effet,
1012 2655 1108 2724 quo·
1136 2668 1139 2676 ·

142 2734 244 2807 niam
272 2732 326 2802 sui
357 2731 518 2804 feciffent
536 2733 759 2830 potestatem.
792 2733 968 2808 Statuerat
990 2739 1106 2827 enim,

134 2843 212 2926 ‚hos
236 2841 335 2936 prius
356 2841 494 2914 iudicio
509 2842 639 2936 populi
660 2843 795 2914 debere
817 2845 969 2934 restitui,
985 2867 1107 2941 quam

144 2957 213 3028 suo
237 2953 415 3025 beneficio
437 2950 551 3022 videri
583 2970 766 3046 receptos,
795 2980 841 3026 ne
863 2974 926 3028 aut
950 2957 1109 3054 ingratus

146 3069 183 3138 iu
203 3065 387 3138 referenda
411 3063 541 3161 gratia,
572 3083 635 3135 aut
657 3087 821 3163 arrogans
837 3067 875 3137 in
898 3069 1109 3164 praeripien-

147 3177 197 3248 do
229 3175 359 3268 poptrli
383 3173 561 3276 beneficio
590 3173 780 3247 videretur.
823 3179 885 3249 His
910 3181 1039 3270 rebus,
1074 3184 1146 3258 &a

146 3283 241 3358 feriis
267 3283 423 3371 Latinis,
459 3283 686 3376 comitiisque
705 3287 886 3360 'omuibus
912 3289 1106 3384 perficiun-

148 3399 221 3486 dis,
243 3417 284 3468 x1
301 3396 375 3468 dies
397 3393 545 3482 tribuit,
575 3391 823 3489 ditiaturaque
846 3397 880 3470 se
894 3398 1110 3488 abdicat,8t
1185 3465 1190 3468 .

34 3499 36 3506 ¹
146 3510 193 3580 ab
217 3507 307 3578 urbe
328 3503 583 3600 proficiscitur,
608 3501 909 3597 Brundisiumque
922 3506 1107 3599 pervenit:

147 3640 192 3686 eo
219 3616 375 3715 legiones
393 3612 497 3685 x118c
517 3611 720 3702 equitatum
733 3618 1016 3687 omnem'venire
1038 3611 1110 3684 ius·'

146 3724 244 3796 ferat.
271 3723 345 3798 Sed
375 3740 518 3794 tanturn
540 3722 687 3792 navium
716 3725 868 3817 reperit,
897 3739 939 3796 ut
960 3724 1107 3820 anguste

145 3852 202 3906 xv
230 3833 339 3903 millia
376 3832 656 3929 legionariorum
684 3835 843 3908 rnilitum
853 3887 869 3926 ,
908 3855 936 3904 n
968 3835 1109 3929 equitet

193 3933 260 4004 Iul.
278 3930 364 4026 Caes
388 3932 514 4004 VoL'II.
695 3929 698 3944 '
884 3931 919 4002 G
1030 3963 1036 3976 ·
