2876 4572
303 336 382 420 rot·
516 329 589 410 or
613 319 819 415 ,atrro
852 334 1046 412 crvrrr

300 519 466 594 naretur,
491 487 677 576 existimari
699 501 776 568 'n'on
798 515 948 592 poterat.
981 497 1060 593 lpse
1082 495 1127 568 ad
1155 521 1268 578 anco·

301 635 378 684 ram
405 631 476 679 una
501 603 606 678 nosse
628 609 804 696 constitit,
832 611 863 681 lh
891 613 1024 688 vocatis
1046 610 1091 680 ad
1114 609 1148 682 se
1174 611 1264 684 Am·

302 719 447 812 phipoli
476 717 700 812 hospitibus,
732 719 763 788 lc
795 721 959 812 pecunia,
983 719 1035 790 ad·
1059 717 1265 796 necessarios¹

229 892 232 898 .
302 829 442 904 sumtus
467 817 667 924 corrogata,
686 823 842 924 cognito·
850 829 998 900 Caesaris
1014 828 1197 916 adventu,
1217 850 1264 900 ex

211 973 212 976 ¹
235 991 239 999 -
300 961 346 1012 eo
359 939 452 1012 loco
473 937 685 1024 discente&
707 939 896 1032 Mytilenas
915 941 1037 1037 paucis
1058 937 1182 1009 diebus
1199 961 1263 1009 ve·

297 1039 362 1120 nit.
398 1049 556 1122 Biduum
587 1049 793 1138 tempestate
818 1065 999 1135 retentus,
1034 1047 1268 1138 naribusque¹

299 1158 373 1239 aliis
393 1156 522 1228 additis
540 1152 718 1242 asinariis,
736 1157 774 1226 in
795 1156 953 1228 Ciliciam
966 1175 1076 1250 atque
1089 1155 1174 1226 inde
1189 1154 1264 1250 Cy·-

297 1295 407 1366 prum
423 1256 595 1364 peruenit.
619 1271 674 1340 lbi
689 1270 891 1367 cognoscit,
909 1270 1079 1342 consensu
1094 1265 1261 1340 omniurn

298 1381 595 1452 Antiochensium
616 1383 823 1475 civiumque
841 1369 1109 1469 Romanorum,
1137 1381 1201 1473 qni
1220 1379 1265 1448 il·-¹

298 1493 346 1563 lic
358 1493 643 1588 negotiarentur,
667 1517 782 1562 arcern
804 1507 942 1584 captam
967 1491 1047 1577 esse,
1063 1491 1263 1561 excluden-

162 1684 163 1692 ἵ
244 1595 267 1684 J
299 1600 337 1670 di
357 1600 410 1670 sui
435 1601 553 1687 causa,
589 1601 809 1694 nuntiosque
837 1601 990 1672 dimissos
1017 1601 1063 1670 ad
1086 1623 1169 1686 eos,
1193 1595 1259 1690 qui

157 1723 163 1761 ³
270 1709 334 1782 se
364 1733 409 1779 erc
433 1709 516 1809 fuga
543 1711 582 1780 in
607 1711 772 1782 finitimas
796 1711 953 1782 civitates
974 1708 1138 1804 recepisse
1166 1708 1262 1778 dice·
1335 1749 1343 1776 t
1431 1771 1432 1774 ,

297 1837 441 1908 rentur,
469 1845 515 1892 ne
536 1818 765 1893 Antiochiam
787 1822 947 1893 adirent:
978 1821 1016 1890 id
1036 1821 1060 1890 sr
1082 1817 1261 1904 fecissent,

298 1956 431 2028 magno
461 1954 589 2026 eornm
613 1932 733 2024 capitis
759 1933 918 2024 periculo
947 1931 1123 2002 futurum.
1156 1925 1260 1999 Idem

299 2039 370 2112 hoc
394 2041 435 2110 L.
448 2039 625 2125 Lentulo,
641 2029 903 2134 quisuperiore
923 2065 1019 2112 anno
1039 2040 1163 2112 consul
1180 2039 1260 2110 sue·
1321 2086 1325 2102 ι

187 2238 189 2244 Ι
299 2167 375 2236 rat,
399 2151 430 2222 8c
452 2152 489 2220 P.
510 2150 665 2222 Lentulo
692 2153 895 2239 consulari,
913 2178 952 2223 ac
975 2153 1158 2224 nonnullis
1188 2151 1261 2220 aliis

299 2259 474 2330 acciderat
490 2259 633 2330 Rhodi:
666 2263 730 2352 qui
756 2286 839 2331 cum
872 2287 917 2332 ex
940 2261 1020 2357 suga
1039 2261 1258 2356 Pompeium

220 2435 224 2446 .
299 2369 552 2463 sequerentur,
571 2385 681 2462 atque
702 2371 739 2439 in
762 2371 913 2445 insulam
936 2371 1129 2458 venissent,
1154 2371 1260 2465 oppi-

299 2478 350 2550 do
379 2503 418 2550 ac
444 2494 553 2599 portu
582 2479 716 2573 recepti
747 2502 822 2550 non
862 2496 980 2550 erant:
1010 2482 1186 2576 missisque
1211 2478 1257 2550 ad

300 2612 358 2658 eos
380 2587 535 2674 nuntiis,
564 2604 604 2658 ut
629 2613 674 2658 ex
701 2587 741 2656 iis
760 2589 846 2660 locis
868 2589 1111 2678 discederent,
1135 2607 1260 2662 contra

298 2699 523 2767 voluntatem
549 2697 646 2769 suam
677 2721 782 2768 naves
811 2699 1005 2772 solverunt.
1040 2702 1192 2795 Iamque
1213 2701 1259 2771 de
1324 2707 1328 2712 '

302 2791 451 2880 Caesaris
469 2805 628 2878 adventu
650 2807 742 2880 fama
764 2808 809 2878 ad
831 2809 986 2896 civitates
1006 2810 1260 2903 perferebatur.

106 2913 108 2918 ’
213 2941 276 3015 103
302 2901 445 3024 Quibus
470 2919 590 3015 cognit
594 2919 620 2988 is
577 2906 742 2992 trebui
753 2920 1006 3030 ,Pompeius,
1017 2923 1178 3016 deposito
1194 2923 1259 2993 ad·

301 3028 441 3132 eundae
463 3026 588 3130 Syriae
606 3031 778 3118 consilio,
800 3033 952 3123 pecunia
974 3033 1146 3104 societatis
1171 3032 1258 3104 sub·

228 3171 230 3176 ·
298 3140 398 3226 lata,
424 3139 456 3211 8c
487 3165 506 3209 a
534 3137 750 3231 quibusdam
776 3140 916 3232 privatis
945 3141 1087 3228 sumta,
1112 3141 1258 3214 &aeris

181 3333 184 3339 y
216 3277 219 3286 ·
299 3267 432 3348 magno
447 3251 609 3344 pondere
624 3251 670 3321 ad
690 3252 877 3322 militarem
897 3252 1023 3323 usum
1016 3278 1053 3324 rn
1071 3275 1174 3322 naves
1189 3253 1260 3322 im-

291 3365 434 3456 posrto,
460 3363 678 3458 duobusque
700 3365 857 3434 millibus
879 3366 1070 3436 hominum
1090 3364 1258 3452 armatis,

298 3475 428 3568 partim
457 3499 549 3568 quos
576 3501 621 3546 err
646 3473 784 3546 familiis
810 3476 1017 3546 societatum
1046 3475 1259 3571 delegerat,

298 3587 430 3680 partim
453 3613 472 3658 a
494 3589 772 3684 negotiatoribus
797 3601 982 3684 coegerat,
1015 3609 1182 3678 quosque
1210 3585 1258 3658 ex
1339 3649 1341 3654 .

298 3695 367 3770 suis
389 3697 542 3792 quisque
562 3697 607 3768 ad
628 3700 717 3790 hanc
740 3723 816 3768 rem
841 3699 989 3768 idoneos
1010 3697 1258 3785 existimabar,
1300 3712 1302 3716 ’

299 3805 480 3882 Pelusium
514 3808 686 3904 pervenit
717 3809 793 3881 ¹Ibi
822 3809 903 3882 casu
934 3829 998 3878 rex
1033 3825 1107 3878 erat
1136 3801 1280 3882 Prole·'
