2858 4572
389 333 771 426 'crrenti
944 289 978 372 ”
1039 337 1088 452 ἐς

124 512 318 611 Commisso
349 515 517 612 proelio,
546 509 812 589 Maffiuenuous
838 535 891 588 tet
920 513 1018 588 nulla
1043 507 1130 587 ads

110 633 297 704 =virtutum
322 629 466 703 defuit:
503 627 564 698 sed
589 641 766 698 memores
793 647 920 698 eorum
954 643 1094 722 praece*

125 759 300 838 prorum,
329 762 423 835 quae
454 731 578 833 paullo
602 757 685 809 ante
708 737 753 808 ab
774 738 842 810 suis
863 736 1095 834 acceperant,

126 849 199 928 hoc
226 855 347 925 animo
367 852 615 938 decertabant,
648 861 691 922 ut
714 849 861 922 nulium
881 850 981 922 aliud
1004 864 1098 921 tem*

130 989 199 1062 pur
212 965 261 1036 ad
279 963 487 1036 conandum¹
511 962 670 1033 habituri
688 959 913 1047 viderentur,
935 959 990 1047 sc,
1014 959 1098 1053 quia

21 1077 23 1172 i
130 1079 239 1152 but
230 1100 416 1177 inpugna
445 1077 538 1149 vitae
569 1078 768 1202 pericnlum
798 1074 993 1162 accideret,
1021 1089 1101 1151 non

133 1189 183 1260 ita
206 1191 326 1259 multo
348 1189 382 1259 se
401 1189 626 1294 'reliquorum
656 1186 789 1258 civium
817 1185 932 1255 saturn
955 1206 1100 1256 antece-

132 1299 219 1369 dere
245 1285 503 1383 existimarent.
526 1295 680 1388 quibus,
709 1285 810 1366 urbe
835 1313 956 1388 capta,
975 1296 1102 1367 eadem

134 1409 217 1494 esset
242 1411 330 1479 belli
350 1405 495 1480 sortuna
516 1407 695 1502 patienda.
729 1401 1105 1500 Didudisquenossrir
1197 1441 1200 1447 ·

119 1522 323 1626 paullatim
360 1523 531 1610 navibus,
568 1519 601 1592 sc
636 1520 784 1593 artificio
821 1520 1104 1619 gubernatorum

63 1716 66 1723 ,
136 1634 331 1706 mobilitati
360 1633 509 1705 navium
538 1635 637 1704 locus
664 1633 841 1721 dabatur,
869 1631 919 1717 sc,
946 1632 1106 1726 srquan«
1168 1659 1173 1684 =
1291 1665 1306 1678 ιι

137 1743 187 1812 do
205 1740 532 1813 nostri'facultatem
547 1737 657 1828 nesii,
679 1741 796 1812 ferreis
821 1743 986 1848 manibus
1018 1744 1107 1814 inse·

80 1891 83 1900 ·
137 1846 227 1936 siis,
261 1872 390 1920 navem
425 1851 676 1946 religaverunt,
705 1851 870 1943 undique
905 1849 973 1920 suis
1003 1849 1107 1922 iabo-

137 1961 301 2034 rantibus
331 1961 590 2032 succurrebant.
640 1961 770 2053 Neque
786 1985 890 2032 nero
926 1956 1109 2033 coniunssi

21 2075 22 2082 ’
139 2073 277 2171 Albicis
304 2071 468 2141 corninus
492 2071 692 2166 pugnando
723 2071 959 2155 deficiebant;
988 2095 1110 2164 neque

140 2185 240 2253 mult
227 2175 307 2250 tutu
330 2181 506 2250 cedebant
525 2180 658 2250 virtute
676 2179 823 2250 nostris:
851 2182 955 2252 simul
976 2207 1021 2250 ex
1041 2183 1111 2252 mi'-

144 2289 302 2396 boribua
320 2289 471 2361 navibus
499 2308 647 2386 magna
656 2291 708 2360 vis
737 2289 878 2362 eminus
892 2289 999 2362 missa
1023 2295 1111 2363 telo·
1148 2384 1153 2393 .

143 2429 246 2490 rum,
262 2381 377 2474 niulta
393 2398 515 2472 nostris
537 2401 639 2499 [de
631 2424 784 2496 rrnprovr
776 2404 848 2498 so]
869 2404 1113 2498 imprudenti·

143 2515 214 2586 bus
235 2531 345 2605 atque
364 2512 547 2606 impeditis
569 2515 715 2584 vulnera
734 2513 950 2586 inserebant.
974 2518 1114 2612 conspi-

146 2641 321 2716 cataeque
345 2649 450 2696 naves
474 2625 633 2710 triremes
657 2625 761 2708 duae
773 2651 900 2698 navem
923 2627 1116 2718 D.Brut1'

105 2817 109 2830 Ι
148 2744 244 2830 quae
277 2759 321 2805 ex
350 2737 475 2832 insigni
502 2713 603 2807 facile
624 2735 763 2834 agnosci
781 2755 938 2830 poterat,
969 2719 1111 2814 duabus

149 2869 198 2916 ex
224 2843 381 2938 partibus
404 2843 515 2914 scse
506 2867 545 2915 rn
573 2871 650 2916 earn
672 2847 922 2933 incitaverant3
951 2849 1012 2920 sed
1034 2871 1112 2922 tan·

151 2960 257 3042 bum,
279 2977 319 3024 re
343 2952 499 3047 provisa,
525 2953 655 3043 brutus
678 2957 855 3026 celeritate
878 2960 973 3026 navis
999 2943 1157 3032 enisur'
1187 2987 1198 3004 ·

151 3065 222 3152 est,
248 3079 289 3134 ut
312 3087 422 3156 parvo
444 3081 634 3134 momento
657 3065 894 3136 antecederet.
920 3069 1005 3138 Illae
1021 3070 1114 3140 adeo

65 3225 69 3236 .
151 3175 305 3274 graviter
327 3175 419 3244 inter
443 3175 478 3245 se
502 3173 666 3246 incitatae
691 3173 954 3267 conflixerunt,
990 3197 1032 3254 ut
1055 3207 1115 3254 ve·

152 3281 411 3355 srementisstme
443 3299 616 3376 utraeque
639 3307 685 3352 ex
702 3285 873 3354 concursu
893 3289 1114 3378 laborarent3

152 3397 262 3465 altera
274 3400 388 3480 vero,
409 3391 601 3490 praesradio
634 3396 755 3481 rosim,
769 3413 845 3466 tota
865 3401 1115 3473 collabefieret.

155 3505 296 3608 Quare
315 3501 478 3573 animum
507 3503 669 3590 adversa,
693 3526 785 3594 quae
804 3504 989 3596 proximae
1016 3509 1048 3576 ei
1065 3507 1117 3574 lo-

157 3621 202 3685 'co
225 3637 270 3682 ex
293 3611 390 3682 Bruti
413 3611 511 3682 classe
533 3635 638 3683 naves
659 3627 778 3697 erant,
796 3613 835 3682 in
856 3637 909 3682 eas
927 3611 1120 3708 impeditae

156 3724 337 3813 impetum
351 3721 499 3808 faciunt,
514 3723 746 3816 celeriterque
759 3722 880 3792 ambas
898 3723 1116 3816 deprimunt

160 3829 246 3903 Sed
260 3829 464 3902 Nasidianae
487 3855 592 3901 naves
614 3833 706 3903 nulli
725 3831 804 3906 usui
825 3832 999 3922 suerunt,
1024 3831 1157 3918 celuy

231 3929 299 4000 lut.
314 3929 400 4024 Caes.
421 3930 552 4002 Vosmls
882 3929 929 3999 E
1076 4001 1078 4003 ,
