2876 4572
307 413 310 418 ·
376 379 864 466 stertentem-o.
1022 399 1106 482 κ,

133 542 309 642 lroc3ipso
331 543 492 620 crederet
515 571 600 618 eum
616 541 762 629 ''sudius
786 541 904 638 decipi
925 543 1030 638 polle.
1050 543 1104 626 ¹At

137 671 262 751 contra
281 655 356 750 spes
375 656 468 750 pacis
489 655 654 728 Domitio
673 656 711 727 in
731 653 867 726 eisdem
890 653 1002 724 castris
1022 678 1104 726 mo·
1151 695 1159 708 ⁴

136 764 239 838 tandi
262 765 381 858 attulit
401 764 551 836 causam.
573 764 632 850 lta
646 764 863 852 Pharnaces,
881 760 997 834 amissa
1017 785 1104 856 pro·
1149 753 1168 786 ²

135 875 229 953 simi
249 877 419 969 temporis
446 876 647 962 occasione,
670 876 822 961 vetitus,
845 897 892 950 ne
913 873 1106 970 cognosce·

45 1045 49 1052 .
137 1001 268 1060 rentur
290 985 453 1072 insidiae,
474 985 553 1056 suos
578 986 617 1054 in
636 983 740 1055 castra
758 984 948 1055 revocavit.
974 981 1107 1054 Domi·

137 1094 211 1188 cius
234 1095 375 1188 postero
396 1094 454 1166 die
473 1093 620 1188 propius
637 1093 846 1186 Nicopolim
866 1092 1021 1180 accessit,
1047 1116 1105 1164 ca·
1151 1093 1154 1097 ’

138 1203 284 1306 sitaque
314 1205 452 1299 oppido
477 1205 644 1277 contulit.
676 1206 792 1308 Quae.
818 1203 907 1276 dum
931 1204 1105 1296 muniunt

114 1396 119 1408 ¹
139 1312 277 1400 nostri,
300 1313 494 1384 Pharnaces
516 1315 638 1387 acient·
652 1311 818 1383 instruxit
837 1309 901 1382 suo
930 1331 1037 1382 more·
1051 1327 1106 1382 at-

17 1451 19 1474 =
142 1444 218 1516 qne
243 1420 425 1494 instituto:
459 1447 501 1542 pr
526 1422 644 1494 fronte
677 1420 774 1492 enim
799 1418 956 1512 simplici*
975 1411 1107 1490 diretta

141 1531 243 1617 acie,
261 1554 396 1604 cornua
416 1529 515 1601 trinis
533 1529 767 1603 firmabantur
784 1526 953 1616 subsidiis¹
972 1525 1106 1614 Eadem

142 1638 282 1710 ratione
304 1640 391 1710 haec
412 1639 529 1710 media
552 1636 821 1710 collocabantur
842 1633 941 1721 acie,
962 1632 1108 1719 duobus

126 1737 272 1851 ''dentra
292 1749 493 1840 srnislraque
510 1747 720 1834 intervallis,
740 1743 957 1839 simplicibus
971 1743 1108 1816 ordini·
1165 1827 1170 1838 Α

144 1854 215 1928 bus
229 1853 411 1928 instrueris.
438 1857 589 1930 Perfecit
606 1859 792 1950 inceptum
805 1856 997 1926 castrorum
1015 1876 1110 1952 opus

145 1961 357 2051 Domitius,
400 1984 499 2059 parte
521 1966 704 2060 copiarum
735 1988 800 2055 pro
826 1963 920 2031 vallo
943 1960 1109 2030 instituta.

144 2075 312 2146 Proxima
332 2072 438 2148 nodie
451 2059 655 2160 Pharnaces,
677 2071 880 2164 interceptis
901 2073 1105 2162 tabellariis,
1122 2078 1166 2177 38

109 2211 111 2215 ’
147 2184 216 2280 qui
236 2183 282 2254 de
303 2183 550 2278 Alexandrinis
572 2183 677 2252 rebus
699 2183 812 2255 literas
835 2179 880 2249 ad
904 2178 1111 2280 Domitipm

147 2290 341 2381 serebant,
373 2292 575 2390 cognoscit,
595 2289 775 2362 Caesarem
803 2312 932 2386 magno
956 2287 994 2359 in
1015 2290 1111 2384 peri÷

147 2401 234 2472 culo
258 2399 405 2488 versari,
435 2399 654 2498 flagitarique
673 2423 693 2467 a
715 2395 907 2483 Domitio,
935 2414 975 2471 ut
999 2389 1112 2491 quam

147 2509 308 2604 primum
327 2507 391 2582 fibi
411 2507 564 2580 subsidia
588 2505 768 2597 mitteret,
795 2505 1016 2600 propiusque
1037 2507 1110 2601 ipse
1196 2589 1198 2596 Ι

114 2701 117 2710 .
149 2614 401 2690 Alexandriam
424 2640 489 2712 per
510 2609 646 2710 Syriam
667 2613 856 2694 accederet.
884 2615 967 2720 Qua
986 2617 1110 2712 cogni·

103 2723 108 2734 '
148 2739 263 2814 tare,
288 2727 479 2798 Pharnaces
500 2720 665 2798 visioriae
688 2727 771 2804 loco
796 2724 975 2814 ducebat,
996 2727 1021 2796 sr
1040 2745 1111 2800 tra·

136 2833 235 2909 ¹here
255 2852 397 2932 tempus
414 2835 543 2930 posset,
567 2859 652 2908 cum
670 2833 930 2910 discedendum
950 2838 1110 2910 celeriter
1195 2827 1197 2831 ¹

149 2937 317 3016 Domitio
341 2960 492 3040 putaret.
522 2943 648 3038 Itaque
668 2942 714 3014 ab
737 2933 895 3037 oppido,
920 2968 993 3037 qna
1013 2943 1112 3016 facil·

149 3053 282 3148 limum
294 3050 462 3126 accessum
483 3053 777 3148 &aequissimum
796 3053 843 3122 ad
861 3053 1112 3140 dimicandum

102 3190 106 3198 ·
149 3159 277 3238 nostris
288 3161 456 3254 videbat,
477 3161 575 3234 fossas
594 3163 682 3234 duas
704 3145 1112 3252 di1‹÷tlas,110nitar'na·¹
1224 3166 1230 3184 ⁸

150 3267 228 3370 gno,
250 3261 437 3354 interrallo
468 3271 590 3342 medio
607 3265 764 3359 relisis,
790 3265 947 3370 'quatuor
973 3270 1113 3365 pedum
1156 3293 1158 3298 ’
1257 3259 1261 3276 “

151 3380 350 3454 altitudinis
373 3382 412 3454 in
436 3406 520 3451 eum
544 3384 665 3453 locum
684 3381 860 3469 deduxit,
876 3406 951 3474 quo
969 3381 1111 3478 longius

152 3493 382 3564 constituerat
405 3492 502 3562 suam
531 3513 607 3577 non
636 3491 835 3584 producere
858 3492 980 3562 aciem·
1015 3490 1113 3562 Inter

153 3587 215 3676 his
241 3601 471 3676 fossas'aciem
500 3602 638 3698 semper
662 3604 864 3674 instruebat
899 3602 1112 3696 Equitaturn

153 3730 276 3810 antem
303 3737 451 3784 omnem
474 3712 520 3784 ab
546 3713 712 3785 lateribus
738 3730 835 3795 extra
859 3709 979 3784 fossam
1000 3711 1109 3780 collo·

95 3915 98 3920 Ι
144 3817 283 3920 cabari-
315 3823 380 3918 qni
398 3823 656 3920 ¹„nequealiter
681 3825 775 3896 utilis
797 3821 862 3928 elle
877 3838 1045 3940 peperat,
1077 3819 1115 3910 ⁸⁰.

681 4059 695 4133 Nx
