2876 4572
402 351 696 436 truta
743 355 829 432 111.
1055 387 1123 466 ¹⁷³

157 516 274 618 iullrt,
297 539 495 618 regemque
515 519 678 614 hortatus
700 519 774 609 est,
795 535 841 602 ut¹
857 511 904 594 'ex
924 522 1126 600 suisnecet·

157 629 267 720 fariis,
292 655 385 724 quos
406 629 556 702 haberet
578 629 755 704 maxiinae
777 625 1012 722 audloritatis,
1028 638 1125 734 lega·
1179 687 1180 694 κ

157 761 212 818 tos
240 743 288 818 ad
315 741 478 818 Achillan
509 741 689 830 mitteret,
725 741 782 828 dc,
816 741 906 834 quid
932 742 1014 816 ellet
1042 743 1126 818 suae

156 855 371 941 voluntatis,
392 851 605 926 ostenderet·
639 850 673 922 A
696 875 772 946 quo
798 851 885 922 milli
902 850 1127 926 Dioscorides

155 965 405 1060 &Serapiom
434 965 500 1058 qui
524 963 634 1038 ambo
662 963 768 1059 legati
790 962 934 1062 ,Romae
956 962 1124 1052 fuerant,

155 1098 400 1175 magnamque
425 1072 523 1167 apud
545 1090 682 1166 patrem
707 1063 953 1147 Ptolemaeum
975 1067 1127 1160 aullori·
1224 1079 1227 1089 '

158 1201 270 1258 tatem
282 1183 491 1269 habuerant,
514 1181 558 1253 ad
569 1179 733 1252 Achillan
747 1201 1002 1275 pervenerunt.
1019 1185 1127 1288 Quot

155 1292 238 1382 ille,
262 1315 348 1364 cum
370 1293 407 1362 in
435 1285 668 1384 conspedlurn
690 1289 766 1362 eius
785 1289 979 1380 venissent,
1002 1294 1124 1386 prius,

156 1427 270 1498 quam
295 1401 456 1489 audiret,
485 1418 567 1489 aut,
591 1401 692 1474 cuius
708 1401 759 1472 rei
786 1401 886 1474 causa
903 1401 990 1478 miffi
1004 1401 1128 1491 ellent,

154 1512 407 1620 cognosceret,
432 1511 562 1604 corripi
585 1535 626 1584 ac
646 1510 797 1584 interfici
817 1511 932 1584 iuffits
965 1536 1126 1605 quorum

91 1627 93 1634 '
155 1625 247 1696 alter
276 1637 423 1715 accepto
448 1623 611 1700 vulnere
621 1638 836 1715 occupatus,
863 1647 928 1718 per
954 1622 1035 1696 suos
1059 1647 1126 1717 pro
1226 1619 1229 1629 '

158 1733 274 1804 occiso
295 1733 468 1818 sublatus,
489 1723 575 1801 alter
603 1725 808 1805 interfectus
826 1730 883 1802 est.
910 1731 997 1835 Quo
1020 1725 1126 1822 fado,

114 1867 116 1882 ’
155 1868 278 1943 tegern
305 1844 403 1914 utin
423 1843 484 1913 sua
504 1842 676 1935 potestate
700 1842 866 1929 haberet,
898 1841 1023 1930 Caesar
1045 1843 1129 1916 elie·

157 1955 230 2044 cit,
259 1979 500 2052 magnamque
519 1952 658 2048 regium
680 1975 816 2034 nornen
840 1947 940 2046 apud
960 1954 1040 2028 suos
1062 1979 1127 2042 aue
1195 2032 1204 2048 ⁶

156 2062 359 2140 dloritatem
385 2065 525 2136 habere
538 2064 761 2152 existimans,
790 2063 823 2134 lc
843 2080 886 2138 ut
905 2065 1026 2158 potius
1053 2065 1127 2158 pri·

40 2213 42 2222 Δ
158 2191 244 2246 vato
268 2197 467 2267 paucorum
490 2172 522 2254 lc
545 2174 747 2258 latronum,
773 2195 884 2264 quam
902 2173 999 2270 regio
1017 2173 1128 2246 consr-
1165 2174 1168 2183 '

34 2270 36 2277 ’
157 2283 236 2372 lio,
270 2283 474 2375 susceptum
508 2281 646 2354 bellum
675 2279 866 2354 videretur
909 2281 1015 2356 Erant
1042 2301 1214 2360 cunetae

158 2335 298 2468 Achilla
320 2395 465 2504 copiae,
489 2412 530 2466 ut
546 2417 668 2486 neque
687 2417 861 2480 numero,
883 2418 1005 2487 neque
1025 2395 1131 2493 gensi

158 2531 198 2586 re
218 2473 439 2595 homilium,
469 2529 591 2600 neque
616 2503 680 2578 usu
702 2504 753 2577 rei
779 2503 938 2576 militaris
961 2521 1125 2579 contem·

158 2616 301 2690 nendae
317 2615 547 2690 viderentur.
569 2613 681 2688 millia
698 2614 796 2687 eninr
816 2633 871 2686 xx
891 2616 930 2686 in
947 2615 1050 2692 armis
1063 2617 1124 2686 ha

159 2727 281 2804 bebat.
310 2729 389 2800 Hae
408 2727 617 2800 constabant
638 2753 684 2801 ex
706 2726 910 2800 Gabinianis
932 2716 1122 2817 militibus,

160 2838 228 2931 qui
253 2837 387 2910 iamin
412 2837 713 2910 consuetudinem
738 2836 998 2912 Alexandrinae
1030 2838 1122 2914 vito

142 2970 202 3040 'ac
222 2945 385 3016 licentiae
406 2967 597 3031 venerant,
617 2945 649 3020 lt
667 2967 804 3018 nomen
825 2945 1122 3041 disciplinamque

154 3053 293 3149 ¹populi
317 3053 469 3126 Romani
492 3041 754 3159 dedididerant‚
781 3049 985 3149 uxoresque
1007 3057 1123 3131 duxe·
1226 3142 1227 3146 Ἰ
1299 3070 1301 3075 ’

151 3186 263 3253 aaut,
286 3191 333 3238 ex
353 3166 485 3261 quibus
505 3168 668 3261 plerique
690 3168 824 3240 liberos
834 3168 1023 3240 habebant.
1039 3168 1123 3242 Huc

159 3277 382 3352 accedebant
396 3275 549 3352 ⁴colledli
579 3303 625 3351 ex
647 3277 890 3372 praedonibus
912 3277 1124 3352 latronibus·

161 3411 237 3480 que
251 3386 372 3481 Syriae
386 3386 601 3478 Ciliciaeque
620 3387 824 3480 provinciae
840 3437 851 3472 ,
871 3385 1123 3458 finitimarum·

162 3521 237 3590 que
257 3498 456 3595 regionum.
493 3493 602 3566 Multi
625 3513 800 3587 praeterea
824 3494 946 3588 capitis
963 3495 1122 3566 damnati

163 3607 376 3702 exsulesque
401 3621 663 3678 convenerant:
697 3605 926 3702 fugitivisque
951 3605 1122 3696 omuibus

140 3721 142 3728 “
165 3717 287 3790 nostris
302 3733 415 3788 certus
427 3734 500 3788 erat
513 3715 749 3790 Alexandriae
761 3731 938 3822 receptus,
952 3733 1122 3807 certaque

163 3826 258 3912 ritae
280 3809 468 3960 conditio,
496 3845 558 3918 ut,
586 3827 671 3904 dato
690 3829 860 3920 nomine,
886 3829 1045 3904 militum
1071 3825 1152 3930 el·
