2876 4572
378 345 879 456 Arrxuunnruo.
1042 331 1153 475 ror*

148 514 257 616 'stium
279 539 480 616 tenebatur
512 541 675 634 Neque
669 563 756 612 eum
786 536 983 626 confilium
1003 535 1114 616 suum

147 644 298 737 fefellit,
329 651 421 742 quin
448 651 585 738 hostes,
615 673 660 720 eo
683 650 821 744 proelio
843 647 997 737 audito,
1022 651 1114 726 nihil

143 763 221 862 iarn
247 763 295 834 tle
322 762 419 833 bello
444 751 553 834 essent
578 762 775 859 cogitaturi.
814 760 978 858 Dignum
1004 763 1113 835 adve-

147 855 251 946 ‘triens
275 867 431 946 studium
445 870 584 941 virtutis
603 871 636 943 8c
657 871 767 940 animi
756 869 1042 967 magnitudinis
1051 889 1113 944 ιιι

144 982 470 1059 lit10mnrsen1m
486 980 686 1054 multitudo
707 979 992 1086 oppidanorum,
1005 981 1113 1052 armie

146 1094 334 1194 proieslis,
354 1091 695 1185 munitionibusque
714 1069 781 1160 'fuis
799 1085 946 1177 relidit,
963 1091 1059 1163 veste
1070 1116 1112 1164 ea

144 1205 283 1294 sumta,
301 1229 375 1298 qua
394 1202 569 1298 supplices
583 1199 809 1271 dominantes
827 1199 1006 1293 deprecari
1023 1223 1114 1306 εοιι-

82 1303 96 1318 ’
143 1311 361 1400 sueverunt,
375 1313 549 1406 sacrisque
569 1309 738 1382 omnibus
758 1309 932 1401 praelatis,
949 1299 1110 1402 quorum
1165 1345 1176 1380 τ

148 1419 322 1522 religione
355 1421 490 1516 precari
513 1419 696 1492 offensos
687 1434 869 1509 natosque
893 1419 1031 1492 animoa
1054 1445 1112 1493 re·
1170 1407 1184 1490 ¹.

75 1541 83 1556 ‘
146 1553 235 1628 gum
267 1543 366 1598 erant
397 1525 515 1612 soliti,
540 1521 756 1596 advenienti
787 1523 921 1600 Caesari
951 1545 1114 1598 occurre*
1164 1574 1171 1624 5

147 1657 257 1726 runt,
277 1635 439 1730 leque
410 1661 442 1707 er
465 1635 693 1706 dediderunt.
722 1631 877 1704 Caesar
869 1657 906 1704 ιιι
928 1634 1038 1706 iidem
1055 1619 1113 1706 re
1124 1727 1127 1731 ῃ

146 1765 269 1847 ceptus
295 1746 530 1834 consolatus,
556 1769 632 1840 per
629 1744 805 1816 hostium
826 1744 1046 1819 munitiones
1072 1744 1113 1816 in
1143 1781 1145 1784 ·

145 1859 247 1931 suam
269 1871 409 1978 partem
436 1853 565 1948 oppidi
592 1877 720 1952 magna
750 1851 999 1950 gratulatione
1009 1852 1111 1926 venit
1176 1862 1183 1875 '

144 1966 316 2039 suorum.
343 1963 502 2056 quinon
526 1981 668 2036 tantum
689 1965 830 2038 bellurn
852 1961 971 2055 ipsum
996 1987 1036 2034 ac
1054 1963 1114 2034 di·

146 2073 412 2158 micationem,
443 2071 503 2140 sed
540 2073 647 2144 etiam
674 2074 782 2143 talem
809 2069 1064 2144 adventum
1035 2095 1110 2142 erut
1285 2143 1290 2155 ,

19 2237 22 2256 ,
146 2183 290 2256 felicem
311 2179 410 2252 fuille
433 2179 665 2254 laetabantur.
695 2180 844 2268 Caesar,
867 2179 1034 2276 Aegypto
1058 2197 1118 2251 at·-
1128 2191 1172 2271 33

146 2315 223 2383 que
227 2289 456 2364 Alexandria
483 2291 649 2384 potitus,
671 2317 768 2390 reges
789 2291 993 2380 constituit,
1019 2315 1113 2386 quoa

145 2404 374 2476 Ptolemaeus
390 2405 601 2477 testamento
616 2405 811 2500 scripserat,
829 2423 940 2499 atque
959 2405 1114 2478 obtesta-

145 2531 207 2597 aus
238 2527 312 2586 erat
338 2516 547 2638 populum
543 2516 775 2600 Romanum,
805 2538 852 2586 ne
875 2508 1111 2587 mutarentur.
1131 2555 1133 2566 ·

145 2625 268 2710 Nam,
306 2625 440 2695 maiore
470 2649 516 2696 ex
546 2626 691 2698 duobus
718 2626 837 2750 pueris
857 2649 939 2723 rege
960 2623 1112 2715 anullo,
1180 2625 1184 2634 '

143 2735 277 2808 minori
298 2733 485 2806 transdidit
500 2759 674 2833 regnum,
692 2721 890 2828 maidriqne
902 2756 949 2806 err
969 2733 1111 2806 duabus

146 2845 246 2930 filiis,
269 2819 498 2968 Cleopatrae,
528 2869 624 2937 quae
646 2843 853 2918 manserat
844 2868 883 2915 ιιι
911 2843 985 2916 lide
1007 2847 1110 2970 prae·
1155 2835 1158 2844 ¹

139 2951 363 3049 fidisque
334 2975 427 3024 erus:
452 2957 631 3028 minorem
652 2955 846 3042 Arsinoen,
871 2956 971 3027 cuius
991 2955 1111 3028 nomi·¹

145 3085 193 3132 ne
217 3061 281 3132 diu
309 3061 462 3156 regnasse
487 3065 705 3157 impotenter
725 3063 962 3157 Ganymeden
983 3063 1111 3140 docui·

143 3193 245 3255 mus,
270 3167 448 3243 deducere
472 3193 516 3241 ex
537 3189 649 3267 reguo
668 3169 808 3257 statuit3
832 3195 971 3263 nequa
991 3173 1107 3244 rursus
1199 3215 1207 3224 ·

137 3303 241 3358 nova
266 3276 451 3365 dissensio,
477 3277 684 3371 priusquam
716 3279 954 3362 diuturnitate
972 3281 1110 3360 confir·

144 3409 329 3464 marentur
345 3389 437 3486 regia
457 3390 626 3483 imperia,
656 3409 722 3485 per
743 3391 906 3464 homines
926 3392 1108 3471 seditiosos

145 3503 354 3580 nasceretur.
382 3501 542 3598 Legioue
564 3519 727 3576 veterana
748 3500 843 3573 sexta
858 3503 977 3578 secum
993 3503 1107 3590 dedu·

144 3608 224 3700 tta,
247 3629 375 3684 ceteras
403 3611 456 3685 ibi
479 3611 644 3705 reliquit,
675 3635 751 3704 quo
776 3611 912 3684 firmius
934 3611 1017 3684 ellet
1043 3639 1108 3686 eo·¹

134 3743 227 3796 vrum
247 3743 372 3817 regum
385 3721 606 3816 imperium,
626 3722 690 3815 qui
709 3747 830 3815 neque,
849 3747 1010 3799 amorem
1022 3723 1108 3800 stru·

144 3849 229 3908 turn
250 3827 381 3908 habere
398 3847 586 3934 poterant,
613 3829 716 3934 quod
738 3829 891 3906 fideliter
905 3830 1106 3928 permanse-
