2876 4572
364 377 369 384 ·
433 359 677 436 mana·
707 361 801 433 ιιι,
1033 367 1103 462 ¹55

150 522 273 598 Caesar
284 519 336 594 'ad
360 539 505 610 murum
521 519 772 615 producendos
793 531 972 596 curaverat
981 527 996 606 ,ἲ
1017 541 1105 613 pore

150 650 201 706 tas
225 649 446 727 aperuerunt.
485 630 629 732 Quibus
653 629 908 726 diligentissime
921 628 1104 698 conserva·

151 745 208 828 tis,
223 745 350 814 collata
361 741 503 814 fortuna
517 741 792 831 Metropolitum
805 759 890 808 curn
902 737 979 808 casu
994 740 1104 808 Gom·

149 853 364 946 phensrum,
385 853 483 922 nulla
503 847 693 923 Thessaliae
713 846 782 918 fult
802 846 943 934 civitas,
963 865 1104 940 praeter

149 961 355 1050 Larissaeus,
388 961 453 1053 qui
469 960 603 1057 magnis
624 956 836 1030 exercitibus
858 955 1031 1083 Scipionis
1047 972 1103 1028 te-

149 1075 353 1172 noberunt,
373 1070 462 1178 quin
484 1070 619 1142 Caesari
641 1083 826 1162 parerent,
848 1084 958 1160 atque
986 1069 1103 1163 impe·

148 1199 223 1252 rata
262 1183 425 1256 facerent.
449 1179 532 1269 llle,
563 1181 685 1278 segetis
717 1177 892 1248 idoneum
919 1178 1071 1250 locum
1063 1202 1102 1250 ιιι

149 1292 238 1386 agris
254 1286 395 1378 nasius,
423 1313 516 1382 quae
538 1313 652 1382 prope
674 1289 746 1358 iarn
771 1303 908 1358 matura
933 1301 1026 1374 erat,
1049 1285 1102 1358 ibi

149 1399 347 1474 adventum
378 1396 574 1494 exspectare
590 1399 775 1495 Pompeii,
806 1421 923 1491 eoque
955 1421 1101 1469 ornnem

149 1515 324 1586 rationem
356 1514 443 1585 belli
477 1511 637 1606 consecro
667 1511 857 1583 constitnit.
908 1509 1102 1602 Pompeius
1117 1505 1166 1584 82‘

147 1628 270 1721 paucis
289 1627 367 1720 poll
386 1627 511 1698 diebus
534 1627 572 1696 in
601 1622 809 1695 Thessaliam
822 1623 1000 1716 pervenit:
1018 1617 1104 1694 con·

148 1739 385 1828 oiunatusque
401 1736 498 1830 apud
519 1732 689 1806 cundum
713 1733 934 1818 exercitum,
950 1731 1018 1804 suis
1030 1733 1103 1832 agit

148 1846 292 1942 gratias:
319 1846 492 1940 Scipionis
520 1845 648 1916 milites
675 1845 899 1930 cohortatur,
916 1861 974 1920 at,
999 1864 1101 1942 parta
1148 1873 1154 1891 ¹
1240 1833 1243 1840 ⁴

147 1955 215 2025 iam
230 1959 380 2029 vinum.
410 1955 548 2052 praedae
569 1979 607 2024 ac
614 1954 830 2052 proemiorum
844 1953 946 2024 uelint
960 1955 1016 2048 effe
1023 1980 1103 2052 pur·

147 2067 290 2162 ticipesr-
311 2063 533 2155 receptisque
566 2063 735 2132 omnibns
762 2063 801 2130 in
825 2083 896 2131 una
920 2064 1023 2132 caslra
1049 2065 1112 2162 ¹⁶⁴,

16 2239 19 2248 ,
144 2167 340 2269 gionibus,
369 2170 474 2239 suum
503 2193 587 2239 curn
610 2169 776 2261 Scipione
800 2169 975 2241 honorem
989 2171 1101 2263 parti·
1152 2173 1166 2188 ”

22 2287 24 2292 ’
144 2297 229 2365 tur,
261 2275 507 2368 classicumque
534 2276 632 2371 apud
658 2300 742 2366 enm
764 2279 858 2366 cani,
892 2277 1100 2353 &alterum

145 2389 197 2459 illi
212 2389 314 2460 iubet
332 2387 549 2481 praetorium
578 2385 689 2458 tendi.
717 2383 837 2458 Ausiis
859 2387 968 2480 copiis
989 2389 1106 2459 Pomae·

146 2498 241 2591 peii‚
263 2498 481 2590 duobusque
502 2498 636 2593 magnis
655 2498 867 2569 exercitibus
879 2497 1102 2589 coniunsiis,

147 2606 287 2697 pristina
306 2606 473 2676 omnium
487 2608 721 2676 confirmatur
736 2607 885 2700 opinio,
909 2609 946 2684 Sc
963 2609 1038 2703 spes
1050 2611 1101 2681 vi·
1185 2665 1187 2676 .

148 2711 276 2786 siuriae
294 2732 441 2813 augetur
464 2715 580 2802 adeo,
606 2731 669 2802 ut,
697 2716 880 2810 quidquid
901 2719 1097 2791 intercede·

145 2839 198 2892 ret
218 2826 412 2916 temporis,
437 2824 475 2894 id
494 2825 624 2897 morari
645 2826 805 2896 reditum
832 2826 870 2897 in
892 2827 1026 2900 ltaliam
1044 2832 1097 2903 vi·

145 2933 304 3019 deretur3
328 2937 381 3022 8⁶,
418 2937 443 3005 sr
470 2936 616 3028 quando
640 2937 730 3029 quid
749 2941 940 3031 Pompeius
964 2944 1098 3015 tardius

144 3061 208 3113 aut
228 3037 476 3116 consideratius
495 3041 644 3135 faceret,
659 3052 753 3120 unius
767 3053 823 3144 ff
838 3058 999 3144 negotium
1015 3057 1099 3134 diei:

135 3153 202 3245 sed
227 3154 320 3224 issum
346 3155 497 3226 deseram·
523 3161 680 3254 nuperim-
700 3161 734 3230 b
764 3164 943 3255 consulares
965 3187 1095 3262 praeto·

146 3268 269 3358 riuique
287 3263 449 3354 firmorum
477 3266 589 3338 iubere
623 3293 769 3344 numero,
808 3273 974 3344 dicerent.
1003 3276 1093 3349 Iani·

147 3397 219 3465 qne
243 3375 334 3446 inter
358 3373 392 3448 se
425 3377 541 3468 palam
573 3377 619 3447 de
645 3381 806 3470 praemiis
829 3407 875 3453 ac
895 3384 1094 3461 sacerdotiis

145 3487 431 3572 contendebant,
458 3489 496 3560 in
510 3511 692 3581 annosque
706 3492 929 3565 consulatum
944 3496 1091 3570 delinie-

121 3593 254 3678 'bant,
274 3596 341 3664 alii
361 3595 487 3668 domos
513 3597 683 3690 bonaque
708 3625 858 3689 eornm,
884 3599 1009 3694 quiin
1033 3617 1093 3678 ca·-¹

85 3748 94 3760 s
142 3702 215 3772 siris
231 3719 339 3772 'erant
366 3704 535 3792 Caesaris,
560 3706 748 3800 potebant:
769 3733 978 3805 magnaque
996 3712 1090 3785 inter
1146 3749 1155 3758 ·

121 3831 202 3918 ’,μοι
217 3809 255 3888 in
274 3809 417 3888 consilio
435 3812 510 3908 luit¹
524 3815 777 3907 controversia,
805 3833 1033 3912 oporteretne
1044 3819 1085 3893 L.
1253 3806 1254 3815 ἵ
