2858 4572
444 383 816 465 ‘arrrnrr
899 346 918 369 ”
1001 385 1117 496 “⁶7

146 571 267 628 trema
296 555 472 650 parietum
495 551 665 626 struiiura
688 563 911 652 tegerentur,
945 573 993 628 tre
1022 547 1116 649 'quid

150 664 355 746 emineret,
376 659 440 730 ubi
456 661 543 756 ignit
555 659 710 731 hostium
720 660 992 759 adhaeresceret.
1010 666 1114 736 Hanc

152 773 300 867 insuper
320 769 647 867 contignationem,
674 783 852 861 quantum
876 763 1012 840 tedium
1032 772 1117 864 plu·

114 951 116 956 .
152 883 205 972 tei
223 884 467 954 aevinearurn
486 877 715 973 patrumm,
739 879 911 951 laterculo
937 871 1119 954 adstruxe·
1240 925 1246 946 ,

154 1011 267 1080 runt,
288 991 466 1084 supraque
488 1011 574 1060 eum
595 991 720 1062 locum
741 989 815 1060 duo
833 990 934 1088 tigna
947 1007 1120 1062 uansveo·

151 1099 189 1170 sa
214 1098 414 1172 iniecerunt
433 1121 510 1169 non
528 1101 636 1197 longe
660 1097 706 1169 ab
723 1101 887 1170 extremis
904 1099 1120 1194 parietibus,

155 1209 293 1302 quibua
318 1207 662 1301 suspenderenteam
677 1207 1001 1304 contignationem,
1024 1208 1120 1302 quae
1203 1269 1205 1276 Α

155 1318 249 1392 turri
276 1315 473 1416 tegimento
498 1313 581 1386 ellet
600 1314 743 1386 futura:
771 1317 949 1408 supraque
970 1315 1122 1415 eatigna
1238 1311 1244 1338 ¹

151 1419 296 1498 duello
318 1413 520 1496 transversari
533 1422 645 1493 treber
657 1421 884 1508 iniecerunt,
904 1426 1123 1516 easqueaxi·

151 1533 240 1640 -buat
265 1533 513 1630 religaverunt.
560 1529 632 1600 Hae
654 1530 768 1602 trabes
790 1533 913 1624 paullo
941 1534 1120 1630 longiores

157 1660 273 1736 atquo
286 1643 550 1728 eminentiores,
565 1665 674 1734 quem
686 1641 837 1712 extremi
847 1643 992 1736 parietes
1007 1661 1121 1732 erant,

159 1753 373 1840 effecerunt,
409 1769 450 1826 ut
467 1749 567 1838 effer,
590 1752 654 1822 ubi
673 1753 865 1849 tegimenta
880 1753 1122 1846 praependere

160 1863 304 1960 possent
332 1865 379 1938 ad
416 1863 661 1935 defendendos
696 1857 784 1935 illus
807 1887 846 1934 ac
871 1863 1121 1956 repellendos,
1159 1911 1172 1927 a

159 1975 256 2046 dum
278 1975 463 2046 inteream
476 1973 781 2071 contignationem
800 1975 947 2066 parietes
966 1976 1120 2046 exstruo·

161 2096 306 2159 rentur:
343 2109 494 2176 eamque
523 2084 856 2174 contabulationem
877 2083 1053 2155 sum—mam
1070 2086 1122 2153 la·

163 2192 303 2264 ‚teribus
335 2194 491 2283 lutoque
519 2187 809 2278 constraverunt,
844 2214 892 2260 ne
917 2191 1009 2284 quid
1032 2193 1123 2289 ignit

162 2299 323 2372 hostium
349 2322 478 2370 nocere
495 2295 622 2392 pollet:
648 2316 893 2392 centonesque
914 2298 1123 2392 inl'uperin·
1153 2363 1156 2372 .
1194 2350 1201 2370 .

164 2399 349 2496 inierunt,
378 2430 427 2478 ne
452 2419 515 2478 aut
549 2410 618 2478 tela
645 2409 834 2478 tormentis
867 2402 962 2477 milla
982 2407 1123 2478 tabule·

166 2520 305 2592 tionem
328 2517 603 2614 perfringere‘nt,
628 2535 689 2588 aut
706 2518 782 2589 saxa
801 2541 847 2586 ex
867 2517 1051 2609 catapultis
1071 2520 1123 2585 la·

165 2628 326 2702 teritium
353 2626 579 2698 discuterent.
607 2625 737 2698 Storias
757 2641 879 2696 autem
903 2647 947 2694 ex
973 2623 1123 2696 frtnibur
1243 2707 1249 2714 .

166 2736 351 2810 ancorariis
379 2754 467 2822 tres,
495 2736 534 2807 in
560 2717 825 2834 longitudinem
849 2733 1024 2827 parietum
1045 2750 1124 2804 tur·

167 2849 385 2932 ris,latat1v
400 2848 508 2940 pedes
520 2845 843 2935 fecerunt,'eaaque
857 2868 903 2914 ex
919 2841 1032 2912 tribus
1044 2865 1124 2933 par-

170 2959 289 3043 tibus,
322 2981 414 3049 quae
436 2955 483 3026 ad
500 2956 616 3026 nones
640 2955 856 3064 vergebant,
882 2951 1124 3024 eminentium

83 3075 86 3082 ’
170 3066 330 3142 trabibus
348 3067 481 3136 circum
505 3066 632 3134 turrim
647 3059 937 3164 ¹praependentes
958 3057 1126 3155 religave-

170 3192 279 3250 runt:
299 3175 411 3268 ²quod
437 3197 553 3246 unum
580 3197 692 3272 genus
720 3171 907 3268 tegimenti
934 3169 1007 3238 aliis
1039 3167 1126 3244 locis

173 3305 274 3358 erant
287 3282 426 3374 experti
445 3285 547 3353 nullo
572 3284 646 3352 telo
670 3303 790 3372 neque
813 3293 997 3350 tormento
1019 3293 1127 3348 trane·

164 3393 232 3474 ilci
252 3391 358 3485 polle.
390 3390 461 3464 Ubi
487 3415 572 3462 vero
603 3416 642 3461 ea
658 3414 749 3485 *pars
786 3389 911 3472 turris,
942 3409 1034 3490 quae
1055 3400 1130 3455 erat

174 3498 349 3600 perfodiat,
375 3502 466 3574 talia
490 3520 599 3596 atque
625 3503 765 3574 munita
788 3500 837 3571 est
861 3500 906 3569 ab
934 3499 1034 3568 omni
1055 3493 1131 3566 inlu

164 3616 349 3698 hostium,
368 3617 509 3708 pluteos
522 3614 568 3685 ad
581 3613 645 3684 alia
664 3637 770 3706 opera
783 3611 1014 3682 abduxerunt
1027 3636 1034 3673 ε
1055 3620 1131 3674 tut*

176 3719 370 3804 listellum
389 3751 451 3820 per
472 3725 506 3793 se
529 3723 646 3816 ipsum
666 3719 959 3816 prehenfionibus
980 3733 1132 3800 ,excon-

173 3831 371 3947 tignatione
398 3835 511 3929 prima
536 3833 753 3929 suspendere·
776 3855 817 3906 ac
849 3832 973 3998 tillem
1001 3845 1133 3926 coepe·
1162 3894 1164 3900 ,

921 3952 942 3998 a
