2876 4572
316 405 467 482 ‚ur-
581 380 1075 462 nrrrrro:

336 546 491 651 digeret,
522 543 548 646 (
552 547 653 618 cuius
670 547 758 622 firs‘r
779 547 923 624 facultas
941 544 1045 634 esset,
1080 543 1231 620 restslere
1251 545 1311 630 lus

271 665 273 671 ’
336 659 450 732 citatis
472 659 645 731 militibus
662 680 739 731 non
752 657 932 754 pritesen)
957 683 1078 752 neque
1094 653 1210 756 vagari
1200 657 1307 728 &cas

162 821 184 844 .-
334 768 426 842 dum
443 769 547 843 latius
568 787 766 864 pateretur,
807 794 856 842 ue
880 771 999 866 plures
1019 786 1174 844 crvrtates
1184 795 1223 840 ea
1236 793 1303 863 pa·

207 925 212 936 ι
332 895 519 977 ferentur,
560 905 652 974 quae
669 880 750 974 palli
770 898 868 951 erant
891 871 1150 958 Cordubenses.
1171 879 1304 953 02stqu

331 987 374 1066 lis
394 987 533 1058 idoneis
552 988 638 1058 locis
663 987 862 1073 collocatis,
908 983 1149 1080 operibusque
1168 982 1205 1066 in
1231 988 1302 1066 cira

304 1183 308 1193 .
333 1098 435 1170 cuitu
450 1098 579 1192 oppidi
590 1097 826 1194 continuatis,
853 1097 966 1168 Uliam
980 1097 1209 1190 Calsrumque
1223 1123 1302 1175 mu·

165 1220 167 1225 ’
269 1267 271 1270 -
333 1209 532 1290 nitionibus
563 1208 691 1281 clausit.
724 1208 831 1312 Quae
850 1207 1061 1302 priusquam
1081 1208 1298 1303 perficerem·

191 1325 196 1334 '
331 1337 411 1411 tur,
433 1318 621 1416 Longinus
644 1345 666 1388 o
668 1341 796 1458 rupem
808 1318 913 1388 suum
931 1319 1134 1410 equitatum
1160 1318 1297 1398 emisrts

320 1452 444 1523 ,quem
466 1447 599 1528 magno
621 1420 684 1500 srbi
721 1425 800 1500 usui
820 1425 896 1500 fote
918 1427 1115 1516 credebat,
1138 1429 1301 1524 srpabus

329 1539 396 1610 lari
422 1536 708 1630 frumentatique
745 1532 955 1608 Marcellum
989 1559 1064 1608 nou
1090 1556 1298 1632 patereturr
1423 1549 1424 1552 ’

332 1673 465 1746 magno
478 1664 600 1720 autern
623 1645 914 1742 impedimento,
935 1647 965 1718 ¹sr
988 1647 1123 1723 clausus
1138 1649 1299 1724 obsidio*
1360 1633 1363 1638 ¹
1421 1671 1424 1680 ·

332 1781 381 1828 ne
406 1757 439 1831 8c
461 1757 597 1828 inutilis
623 1757 852 1846 necessarium
878 1758 1104 1830 consumeret
1131 1757 1297 1838 frumen*
1342 1762 1352 1794 ·’

264 1871 315 1948 62
333 1887 426 1942 tum.
464 1869 589 1940 Paucis
613 1867 741 1944 diebus
761 1867 859 1941 Caffii
884 1867 992 1938 literis
1024 1871 1203 1964 acceptis,
1229 1893 1297 1952 rere

150 1975 152 1982 ’
332 1977 463 2077 Bogud
488 2003 573 2052 cunr
594 1979 705 2089 copiis
725 1977 857 2064 venit;
872 1977 1162 2077 adiungitque
1133 2003 1165 2050 er
1185 1956 1298 2076 legio·

331 2112 446 2176 nem,
476 2111 588 2181 quam
613 2067 738 2159 secum
762 2087 987 2176 adduxerat,
1016 2090 1296 2182 compluresque

262 2233 265 2238 ·
332 2201 496 2272 cohortes
522 2199 717 2270 auxiliarius
744 2197 996 2293 Hispanorum
1030 2198 1217 2292 Namque,
1251 2214 1296 2272 ut

317 2309 372 2384 'in
385 2309 547 2385 civilibus
562 2307 830 2382 dissensionibus
846 2309 1004 2382 accidere
1023 2312 1226 2399 consuevit,
1243 2312 1295 2384 ita

238 2435 239 2440 ’
303 2422 558 2518 «temporibus
576 2423 673 2492 illis
665 2445 703 2492 m
728 2421 897 2515 Hispania
916 2422 1113 2492 nonnullae
1135 2421 1295 2494 civitates

330 2533 438 2608 rebus
469 2531 568 2606 caui
598 2531 816 2618 studebant,
851 2532 971 2625 plures
1002 2532 1172 2614 Marcello
1195 2531 1295 2602 fave·

224 2720 229 2732 ¹
332 2639 431 2712 bant
460 2637 609 2710 Accedit
630 2663 721 2710 cum
743 2640 854 2733 copiis
879 2638 1008 2736 Bogud
1029 2639 1075 2724 ad
1102 2616 1294 2716 exteriores

332 2747 491 2820 Marcelli
508 2749 738 2820 munitiones
755 2749 938 2848 Pugnatur
953 2749 1292 2852 utrimqueacn'ter,

284 2939 287 2946 ¹
331 2853 534 2948 crebroque
562 2854 601 2925 id
624 2855 771 2943 accidit,
796 2857 940 2940 fortuna
961 2857 1062 2952 saepe
1083 2859 1128 2928 ad
1150 2874 1292 2933 utrums

329 2987 405 3057 que
423 2961 608 3041 vidoriam
627 2966 880 3042 transferente.
902 2993 969 3040 nec
982 2985 1103 3040 tamen
1125 2993 1292 3063 unquam

264 3061 309 3162 63
331 3073 378 3145 ab
399 3076 566 3170 operibus
581 3075 775 3170 depellitur
798 3081 994 3152 Marcellus
1017 3080 1166 3154 Interim
1184 3081 1296 3174 Lepi

329 3185 400 3258 dus
422 3211 469 3256 ex
490 3178 651 3262 citeriore
679 3190 864 3283 provincia
897 3217 985 3266 cum
1010 3192 1219 3270 cohortibus
1240 3195 1293 3264 le·

331 3296 495 3394 “ginnariis
513 3317 640 3388 xxxv,
668 3325 875 3398 magnoque
895 3326 1048 3378 numero
1072 3307 1238 3398 equiturn
1259 3306 1292 3382 se

306 3409 556 3502 ’reliquorum
577 3413 816 3502 auxiliorum,
839 3417 939 3486 venit
959 3441 997 3487 ea
1023 3401 1149 3488 mente
1161 3418 1292 3506 Uliam,

330 3533 375 3590 ut
398 3519 471 3602 srne
492 3522 568 3592 ullo
595 3521 712 3594 studio
733 3525 984 3600 contentiones
1005 3523 1104 3598 Calui
1118 3526 1294 3600 Marcelli·

208 3691 212 3702 ,
331 3655 407 3726 que
427 3653 672 3728 componeret.
705 3637 801 3708 Huic
821 3638 979 3707 venienti
1002 3637 1073 3708 fine
1094 3639 1293 3711 dubitatio·

318 3763 380 3826 ⁸ne
405 3742 594 3815 Marcellus
611 3744 645 3815 se
667 3745 782 3816 credit
803 3765 912 3840 atque
928 3747 1048 3820 oll'ert:
1066 3747 1195 3822 cauus
1207 3774 1294 3820 con-

320 3868 384 3924 ·tra
406 3851 533 3943 luisse
555 3871 656 3938 tenet
675 3857 877 3951 praesidiisr
900 3857 970 3932 five
994 3885 1061 3950 eo,
1086 3862 1189 3954 quod
1211 3864 1294 3956 plus
1415 3877 1416 3886 ’
