2852 4578
318 361 391 436 ,σε
591 339 760 430 uun
783 318 867 428 rr,
895 354 927 428 u
952 355 992 427 o

318 517 510 592 defendere
521 517 576 604 ,fi
594 535 647 588 res
663 489 849 615 coegisset,
872 543 984 614 quam
998 517 1036 586 in
1060 517 1200 611 car'npo·
1211 511 1287 590 ced
1301 537 1316 556 ω

317 633 437 701 minus
457 631 637 704 Conslstere
654 633 801 716 audere;
818 653 905 702 non
925 633 975 702 est
995 630 1065 702 visa
1083 633 1173 703 ratio
1193 646 1276 724 pro·

317 739 398 831 pius
424 737 619 811 accedendi
645 763 689 809 eo
713 737 770 809 die
789 739 835 808 ad
861 738 1079 832 oppidum,
1098 738 1273 831 quoniam

319 843 370 917 ibi
396 847 608 941 praesidium
630 849 763 946 grande
785 849 1026 920 Numidarum
1052 847 1117 920 effe
1136 871 1273 946 cogno·

319 973 438 1041 verat,
464 957 652 1049 hostesque
676 959 833 1028 mediam
862 960 973 1030 aciem
1006 959 1103 1030 suam
1131 956 1272 1052 oppido
1309 973 1314 996 ”
1378 1033 1382 1038 ,

319 1061 462 1148 texille;
492 1065 629 1157 sibique
652 1065 793 1138 difficile
813 1062 913 1138 fallu·
923 1066 988 1138 elle
1009 1067 1210 1152 intellexit,
1230 1065 1275 1136 fin

320 1175 399 1243 mul
416 1172 641 1267 &oppidum
660 1197 736 1246 uno
760 1195 924 1268 tempore
944 1199 1170 1270 oppugnare,
1187 1173 1272 1245 &in

322 1282 395 1353 acie
416 1282 454 1351 in
477 1305 589 1354 cornu
611 1283 739 1356 dextro
756 1284 949 1354 ac‘finistro
964 1307 1009 1354 ex
1030 1282 1207 1374 iniquiore
1221 1283 1275 1350 lo·

323 1413 371 1460 co
389 1373 562 1488 pugnare,
584 1391 783 1484 praesertim
807 1415 891 1461 cum
904 1391 1032 1464 milites
1045 1417 1067 1462 a
1084 1407 1188 1460 mane
1201 1389 1273 1460 diei

324 1498 436 1570 ieiuni
447 1498 513 1570 sub
525 1500 631 1570 armis
642 1497 805 1572 stetiffent
822 1499 1151 1598 defatigati.'ltaque
1166 1498 1274 1571 redu·

324 1605 385 1680 tlls
399 1608 467 1678 suis
482 1609 591 1701 copiis
613 1608 651 1676 in
674 1610 778 1680 castra
788 1645 806 1697 ‚2
825 1610 962 1702 postero
979 1609 1038 1680 die
1051 1608 1198 1704 propius
1212 1633 1277 1678 eo·

206 1706 212 1723 “
257 1747 300 1819 43
323 1743 413 1790 rum·
428 1721 539 1790 aciem
554 1717 706 1789 instituit
725 1717 1275 1816 exporrigere'munitiones.'ln-

270 1842 275 1857 '
322 1829 426 1902 terim
443 1826 642 1913 Conlidius,
672 1825 737 1917 qui
766 1822 941 1898 Achillam
962 1819 1044 1898 otto
1064 1824 1275 1896 cohortibus
1310 1861 1317 1872 ,

318 1938 546 2031 'stipendiariis
559 1937 725 2006 Numidis
739 1935 969 2032 Gaetulisque
982 1935 1188 2022 obfidebat,
1204 1935 1273 2007 ubi
1304 1977 1314 1986 -ν

323 2048 364 2118 C.
376 2048 516 2118 Melhus
532 2047 738 2118 cohortibus
754 2061 930 2140 praeerat,
945 2045 1016 2118 vdiu
1031 2048 1273 2140 'multumque

323 2175 506 2251 expertus,
519 2190 524 2198 ·
535 2156 742 2254 magnisque
755 2156 921 2250 operibus
933 2153 1033 2251 saepe
1045 2154 1217 2243 admotis,
1241 2154 1276 2230 Sc

320 2271 361 2340 iis
377 2269 424 2340 ab
440 2269 626 2362 oppidanis
649 2269 813 2355 incensis,
847 2291 931 2340 curn
956 2271 1143 2362 proficeret
1161 2269 1276 2358 nihil,
1327 2359 1330 2365 Ι

319 2377 446 2450 subito·
456 2376 585 2448 nuntio
600 2376 646 2446 de
667 2376 817 2468 equellri
833 2377 973 2470 proelio
988 2380 1094 2450 allato
1113 2403 1277 2450 commo·
1314 2407 1321 2414 ·

322 2501 399 2572 tus,
421 2483 623 2571 frumento,
643 2483 742 2554 cuius
755 2483 792 2554 in
805 2483 916 2554 castris
930 2485 1071 2579 copiam
1082 2485 1274 2572 habuerat,

322 2595 487 2680 incenso,
503 2595 605 2679 vino,
630 2595 732 2680 oleo,
756 2594 1091 2688 ceterisquerebus,
1119 2593 1275 2688 quaead

322 2697 458 2772 vibium
472 2703 583 2794 parari
596 2702 727 2789 solent,
741 2704 936 2797 corruptis,
953 2703 1146 2789 Achillam,
1161 2723 1276 2795 quam
1318 2697 1323 2706 '

323 2809 526 2897 obsidebat,
551 2810 726 2898 deseruit3
746 2830 877 2905 atque,
899 2813 1022 2884 itinere
1042 2838 1105 2907 per
1120 2833 1277 2910 regnum

322 2921 433 2994 lubae
448 2916 560 3008 labio,
574 2921 691 3014 copias
699 2945 784 2991 cum
798 2920 965 3015 Scipione
978 2921 1144 3014 pbrtitns,
1158 2921 1278 2992 lldru·

254 3053 304 3128 44
323 3048 463 3102 metum
476 3029 511 3100 se
523 3030 665 3122 recepit.
691 3030 828 3101 Interea
849 3054 894 3100 ex
914 3029 1079 3102 secundo·
1093 3052 1278 3100 commea·

327 3159 388 3226 tu,
411 3164 520 3232 quem
536 3165 556 3208 a
574 3137 689 3209 Sicilia
707 3139 847 3210 miserat
866 3137 1043 3224 Allienus,
1065 3138 1159 3208 navis
1176 3161 1272 3227 una,

325 3253 364 3323 in
389 3272 461 3342 qua
478 3249 592 3321 fuerat
611 3251 658 3356 Q.
681 3250 885 3338 Cominius,
901 3250 942 3323 ·8t
957 3251 1004 3324 .L·
1016 3248 1144 3320 Ticida
1166 3271 1281 3340 eques

322 3355 523 3446 Romanus,
542 3359 746 3432 abrehdua
771 3361 867 3431 clalle
883 3386 967 3432 curn
991 3357 1181 3444 erravillet,
1197 3358 1288 3428 ·de-·
1312 3388 1318 3398 ·

321 3470 465 3560 lataque
491 3465 573 3537 oller
606 3485 716 3540 vento
752 3468 797 3540 ad
812 3521 820 3542 .,
830 3467 1036 3563 Thapsum,
1070 3493 1090 3538 a
1114 3465 1280 3564 Virgilio
1311 3509 1314 3514 ·

323 3577 454 3668 scaphis
487 3578 732 3670 naviculisque
763 3574 922 3666 abluariis,
950 3599 1097 3672 excepta
1128 3569 1200 3663 est,
1240 3575 1277 3650 Sc

309 3688 370 3760 -ad
398 3685 604 3780 Scipionem
623 3685 786 3760 deduila.
806 3691 896 3762 Item
921 3690 1027 3760 altere
1047 3689 1144 3760 navis
1163 3686 1281 3759 trieris

320 3823 366 3872 ex
381 3799 517 3874 eadem·
536 3799 663 3890 clarile,¹
681 3799 885 3876 errabunda
899 3831 926 3890 ,⁴
945 3822 986 3872 ac
1006 3797 1213 3893 tempestate
1229 3795 1280 3872 ati
1317 3827 1321 3841 ·
