2858 4572
321 364 372 447 ro
545 295 1064 440 ur..rtmocrv1t1
1116 470 1118 480 y

211 617 213 627 Ι
315 524 426 630 ‚quod
451 526 601 598 estante
624 527 825 622 oppidum,
856 513 1185 616 sublitudiionibu's·
1205 521 1281 604 eiui

320 639 436 728 operis
466 635 629 707 maximis
653 636 752 706 aditu
776 635 823 705 ad
841 638 944 709 castra
963 636 1095 710 difficili
1112 636 1150 710 dc
1168 643 1284 737 angui,

318 746 382 818 sto.
416 743 532 816 Simul
556 746 828 842 animadvertit,
855 748 970 818 multa
999 745 1165 842 undique
1193 767 1281 842 por*

272 911 275 922 ,
317 857 383 928 tari
410 872 533 949 atque·
550 857 605 953 agi
634 841 838 950 plenissimis
869 859 953 945 viis,
981 883 1076 951 quae
1100 857 1280 961 repentini

318 972 498 1041 tumultus
517 969 646 1040 timore
671 993 716 1038 ex
733 970 818 1066 agris
839 970 877 1040 in
892 969 1025 1040 'urbem
1045 971 1280 1042 conferebam·
1345 1009 1349 1020 ·

292 1091 295 1098 '
318 1097 388 1151 tur.
413 1079 496 1150 Huc
519 1081 719 1172 equitatum
737 1079 870 1166 mittit,
893 1089 936 1150 ut
957 1078 1148 1174 diriperet,
1166 1093 1279 1174 atque

319 1192 467 1262 haberet
491 1193 573 1262 loco
599 1190 759 1284 praedae.
782 1189 1199 1286 eodemqueqtempore
1226 1191 1281 1262 hic

318 1303 425 1374 rebus
446 1297 600 1374 subsidio
623 1323 672 1372 Dc
691 1303 829 1396 equites
848 1298 1030 1372 Numidae
1057 1323 1103 1374 ex
1123 1299 1277 1396 oppido,
1295 1367 1297 1374 .

318 1412 532 1506 peditesque
566 1431 614 1481 cu
636 1412 831 1482 mittuntur
854 1436 875 1480 a
897 1411 1013 1499 Varo,
1041 1437 1132 1506 quos
1153 1411 1277 1485 auxilii

319 1521 419 1592 causa
440 1545 503 1592 rex
525 1520 614 1591 Iuba
638 1522 758 1616 paucis
786 1520 910 1594 diebus
939 1540 1026 1601 ante
1046 1522 1184 1594 Uticam
1210 1519 1281 1592 mi·-

318 1632 416 1704 serat·
455 1633 551 1704 Huic
573 1633 605 1705 Sc
624 1621 817 1726 paternum
845 1633 1041 1726 hospitium
1056 1657 1147 1705 cum
1169 1631 1281 1702 Pom·

266 1777 272 1795 2
300 1741 428 1836 ‘peio‚
457 1739 494 1810 ⁴&
522 1741 676 1813 simultas
709 1766 792 1812 cum
820 1741 979 1820 Curione
1011 1741 1281 1816 intercedebatt

320 1851 424 1946 quod
463 1851 629 1922 tribunus
666 1851 782 1946 plebis
821 1853 936 1950 legem
969 1851 1281 1948 promulgaverat,

320 1971 395 2062 qua
418 1965 497 2061 lege
520 1987 670 2060 regnum
700 1962 810 2034 Iubae
834 1963 1086 2058 publicaverat.
1121 1961 1283 2032 Concur-

320 2092 406 2147 runt
424 2064 560 2168 equites
579 2075 670 2168 inter
686 2075 742 2146 se:
775 2099 897 2168 neque
920 2061 1005 2149 vero
1030 2077 1190 2170 primum
1213 2072 1283 2140 im-

320 2188 450 2282 petum
467 2189 666 2260 nostrorum
683 2186 861 2260 Numidae
874 2187 964 2260 ferre
977 2202 1177 2281 potueruut
1188 2210 1197 2269 ;
1210 2179 1282 2252 ⁷sed

257 2287 260 2293 ⁴
322 2291 512 2368 interfetiis
543 2297 801 2382 circitorum,
832 2299 961 2390 reliqui
986 2298 1019 2367 se
1047 2296 1211 2367 in‘callra
1234 2293 1282 2364 ad

324 2406 505 2501 oppidum
525 2423 745 2499 receperunt.
784 2405 952 2491 Interim,
977 2404 1133 2474 adventu
1146 2401 1282 2498 'longa-

323 2529 404 2588 tum
430 2515 597 2602 navium,
624 2506 733 2599 Curio
752 2514 974 2608 pronuntiari
996 2513 1162 2586 onerariis
1182 2513 1281 2584 navi·

323 2627 392 2698 bus
412 2625 535 2712 iubet,
560 2646 652 2716 quae
672 2624 808 2694 stabant
829 2623 874 2692 ad
891 2623 1028 2694 Uticam
1047 2647 1199 2694 numero
1215 2622 1282 2694 cir-

324 2733 411 2804 citer
430 2751 473 2802 cc
487 2731 546 2824 ‚se
571 2735 603 2801 in
629 2733 761 2826 hostium
784 2731 970 2801 habiturum
993 2731 1081 2806 loco,
1105 2733 1158 2828 qui
1181 2756 1244 2801 non
1265 2755 1284 2801 e

322 2841 453 2936 vestigio
475 2841 519 2909 ad
542 2841 646 2934 eostre
672 2842 861 2912 Corneliana
885 2843 1150 2938 vtlddirexfflet.
1196 2842 1282 2946 Qua

288 2971 290 2974 ·
324 2945 619 3046 pronuntiatione
645 2945 751 3038 falla,
774 2954 946 3044 temporis
962 2947 1117 3045 pundlo,
1137 2949 1283 3022 sublatis

323 3057 476 3146 ancoris,
495 3079 616 3130 omnes
634 3059 771 3130 Uticam
791 3060 1002 3153 relinquunt
1015 3061 1071 3148 „8c
1083 3111 1099 3148 ,-
1121 3085 1196 3152 quo
1213 3060 1283 3130 im·
1392 3087 1404 3122 r

324 3169 586 3264 peratum'est,
609 3185 801 3240 transeunt.
838 3171 942 3274 Quae
968 3196 1019 3241 res
1043 3171 1207 3242 omnium
1228 3195 1284 3240 re·

264 3288 310 3361 26
328 3305 409 3350 rum
426 3279 529 3372 copia
551 3280 746 3372 complevit
769 3281 975 3362 exercitum.
998 3282 1077 3362 ‚His
1095 3281 1202 3352 rebus
1222 3305 1304 3378 ge-.

220 3473 225 3486 q
275 3383 287 3456 Ϊ
328 3388 525 3477 stis‚Curi0
545 3389 579 3458 se
600 3390 639 3463 in
660 3389 763 3462 castia
782 3391 827 3460 acl
847 3389 1037 3486 Bagradam
1059 3393 1218 3484 recepit,
1236 3408 1284 3462 at·

322 3503 404 3595 ‘que
426 3499 577 3575 universr
597 3503 767 3574 exercitus
789 3506 1071 3588 conclamatione
1084 3507 1283 3600 Imperator

329 3615 547 3708 appellatur:
584 3615 798 3710 posteroque
832 3617 890 3686 die
921 3609 1059 3689 Uticam
1086 3616 1283 3692 exercitum

330 3725 444 3811 ducit,
462 3722 627 3818 &prope
650 3726 829 3818 oppidum
847 3725 950 3795 castra
969 3725 1081 3817 ponit.
1106 3726 1283 3800 Nondum
1317 3715 1338 3812 i,

329 3849 439 3927 opere
464 3837 660 3914 castrorum
680 3830 868 3928 perfetio,
902 3837 1038 3928 equites
1067 3859 1113 3907 ex
1139 3837 1286 3908 statione
