2852 4578
1037 135 1056 172 Ο

407 382 441 455 Α
462 383 493 455 r
514 381 549 456 n
571 383 592 455 t
614 384 646 457 c
667 381 701 456 A
725 381 764 456 n
787 373 835 460 n
1029 368 1105 492 ²9⁷.

140 543 370 645 ciperem,
392 539 477 614 ideo
496 542 601 637 quod
627 542 720 614 fama
744 543 793 615 de
813 539 962 625 vilioris
983 543 1119 733 (ξι

44 664 48 690 “
141 653 187 728 rit
202 651 512 748 praecucurriiiet3
543 653 580 724 vi
605 653 744 748 oppido
769 655 954 747 potiti‚in
978 680 1014 726 tn
1107 658 1132 727 ,Γ

141 751 222 836 fe'ro
248 761 350 857 lignis
378 759 610 846 coacervatis,
639 761 883 854 omnibusque
907 761 1015 832 rebus
1040 787 1104 833 eo·

139 891 224 946 tum
243 867 433 965 congestis,
453 868 574 963 ignem
593 866 804 956 subiiciunt,
828 885 938 962 atque
951 869 1104 964 eintop·¹

140 978 219 1073 pidi
247 981 378 1050 incolas
407 978 580 1071 cuiusque
608 978 752 1074 generis
765 979 968 1074 aetatisque
1000 981 1104 1052 vivos

137 1079 415 1179 constrictosque
453 1086 492 1160 in
525 1085 708 1158 flammam
737 1087 959 1176 coniicitur,
987 1105 1132 1183 atque.

139 1190 189 1264 ita
205 1193 424 1268 acerbissimo
441 1194 599 1267 afficiunt
613 1193 812 1288 supplicius
836 1195 967 1268 deinde
985 1199 1102 1291 proti*-

8 1325 9 1328 ’
136 1325 209 1376 nus
233 1303 372 1376 Uticam
399 1304 624 1398 perveniunt.
649 1301 840 1398 Superiore
860 1321 1026 1401 tempore
1047 1308 1100 1382 M.

7 1471 15 1486 .
138 1414 249 1502 Cato,
282 1415 386 1510 qnod
410 1415 448 1486 in
474 1414 696 1488 Uticeniibus
711 1431 859 1512 propter
881 1418 1101 1492 beneficium

138 1525 226 1624 legis
252 1524 361 1596 iuliae
390 1549 518 1620 parum
547 1523 616 1596 suit
650 1513 809 1620 partibus
840 1525 1001 1621 praesidii
1034 1527 1102 1602 effe

135 1629 415 1725 existimaverat,
446 1635 591 1732 plebem
617 1637 791 1708 inermem
821 1637 1100 1731 oppidoeiece·

137 1765 213 1836 tat,
242 1748 369 1822 &ante
382 1767 523 1844 portam
535 1749 700 1820 Bellicam
721 1750 832 1820 castris
849 1749 1005 1843 foliaque
1019 1773 1102 1846 par·

136 1862 224 1932 ruia
256 1861 444 1933 dumtaxat
466 1860 667 1946 munierat,
699 1859 826 1952 ibique
843 1859 1009 1932 custodiis
1032 1861 1101 1931 cir·

137 1973 337 2071 cumdem,
356 1973 513 2042 habitare
526 1982 703 2068 coegerat:
727 1967 887 2057 senatum
895 1985 1021 2044 ¹nutem
1034 1995 1101 2066 op·

136 2082 219 2180 pidi
240 2081 402 2154 custodia
422 2081 581 2182 tenebat.
612 2081 746 2152 Eorum
777 2081 882 2151 castra
910 2081 936 2150 ii
959 2080 1100 2175 equitet

137 2189 257 2262 adorti
271 2213 476 2286 expugnare
494 2203 713 2280 coeperunt,
734 2185 817 2258 ideo
830 2187 933 2280 qu'od
947 2211 1009 2259 eos
1021 2211 1104 2284 pars

137 2297 239 2370 tibus
260 2297 406 2368 Caesaris
419 2293 536 2368 faviffe
548 2294 724 2383 sciebant,
742 2315 807 2382 ut,
824 2295 873 2365 eis
889 2289 1098 2384 interfedis,

37 2405 40 2410 ’
136 2429 267 2480 eorum
282 2407 438 2502 pernicie
451 2405 614 2476 dolorem
626 2403 1000 2476 ittumulciscerentnr.
1019 2403 1098 2476 Uti·

135 2519 257 2590 censes
270 2570 281 2604 ‚
295 2519 417 2588 animo
429 2516 554 2588 addito
571 2541 616 2586 ex
631 2516 779 2613 Caesaris
789 2511 951 2604 viderie,
971 2514 1097 2608 lapidi·

57 2679 61 2690 ·
135 2629 210 2701 bus
232 2628 455 2719 fustibusque
467 2628 606 2719 equites
618 2628 835 2720 repulerunt„
865 2625 1099 2720 ltaquepost·

137 2761 292 2830 mquam
310 2735 507 2808 castranon
523 2752 716 2829 potuerant
739 2735 867 2830 potiri,
897 2735 1036 2806 Uticam
1059 2733 1096 2804 se
1176 2756 1179 2762 ’

134 2849 178 2918 in
201 2842 381 2938 oppidum
395 2844 648 2932 coniecerunt,
669 2859 780 2936 atque
798 2843 849 2914 ibi
864 2846 999 2915 multos
1014 2842 1095 2914 Um

6 2957 7 3036 J
136 2957 258 3036 censes
285 2953 564 3042 interfecerunt,
596 2955 798 3048 domosque
827 2971 1094 3050 eorumexpw

6 3063 8 3120 i
135 3087 297 3166 gnaveru
372 3062 638 3161 cditipnerunt.
653 3067 891 3173 Quibuscum
912 3069 1000 3139 Cato
1013 3090 1095 3160 per-

6 3199 7 3266 ᾗ
135 3079 545 3250 suadetemratione
564 3173 680 3267 quiret
692 3227 702 3262 ‚
714 3176 897 3269 ‘utlsecurn
913 3179 1094 3271 oppidum

6 3327 7 3366 2
135 3283 397 3368 defenderent,
428 3282 460 3355 8t
480 3282 587 3354 caede
598 3284 797 3376 rapinisque
813 3284 1030 3372 desisterent3
1044 3287 1094 3375 dc,
1150 3372 1153 3378 ¹

6 3375 7 3464 Ῠ
134 3397 230 3492 qnid
244 3395 308 3466 fibi
321 3395 473 3480 vellent,
497 3393 805 3480 scir'ettsedandae
818 3419 942 3466 eorum
957 3397 1093 3492 impot-

41 3571 45 3588 ,
133 3507 301 3579 trinitatis
319 3504 425 3603 gratia
440 3505 580 3604 fingulis
599 3505 659 3576 HS
682 3525 703 3575 c
726 3507 852 3579 divifit.
877 3507 979 3580 Idem
993 3508 1092 3580 Sulla

134 3614 283 3688 Faustus
296 3614 397 3702 fecit,
416 3637 455 3684 ac
472 3615 517 3684 de
529 3615 752 3709 suapecunia
766 3619 906 3715 largitus
923 3621 988 3690 eii:
1004 3641 1093 3688 una·

6 3763 8 3772 κ
105 3735 109 3746 ’
133 3741 214 3818 que
230 3747 312 3794 curn
332 3725 370 3794 iis
383 3727 428 3796 ab
448 3725 548 3798 Utica
569 3726 818 3821 proficiscitur,
843 3745 954 3823 atque
978 3729 1015 3799 in
1035 3753 1093 3800 te-
1209 3802 1212 3808 ,

6 3885 8 3890 .
133 3857 253 3940 gnum
264 3835 314 3907 ire
336 3839 534 3916 contendit.
561 3837 771 3938 Complures
795 3842 940 3916 intetim
964 3865 1011 3915 ex
1032 3841 1090 3916 sttb
1102 3841 1149 3921 88
