2876 4572
373 361 868 480 nnuxnnunrnn
1037 389 1138 475 nt

112 521 115 528 ’
138 539 224 602 tum
243 520 517 598 cordubensem
532 522 579 596 ab
612 547 656 596 ee
672 521 856 612 defecilie,
880 523 1112 610 Marcellum·

137 654 300 730 queant
324 637 533 722 voluntate,
562 648 626 704 aut
658 631 859 706 nece'ffitate
882 631 1110 726 adduCium,
1205 719 1211 730 ἡ
1278 626 1285 641 ’

138 742 322 836 (namque
345 742 384 814 id
403 744 498 814 varie
513 739 766 828 nuntiabatur,
778 743 795 837 )
806 741 1003 817 consentire
1020 767 1109 818 cum

137 853 455 941 Cordubenfibus3
480 854 567 924 duat
581 854 747 924 cohortes
762 853 911 954 legionis
937 875 988 950 v„
1011 879 1110 948 quae

137 964 284 1040 fuerant
320 966 513 1038 Cordubae
542 964 580 1036 in
609 964 811 1058 praesidio,
847 965 945 1066 idem
979 966 1106 1039 facere.

138 1075 293 1164 Cellius,
318 1077 370 1150 bis
387 1077 493 1148 rebus
506 1075 691 1162 incensus,
716 1093 839 1156 movet
853 1077 1022 1168 castra,8c
1039 1101 1108 1171 po·

135 1184 228 1258 ilero
251 1186 312 1258 die
336 1187 527 1286 Segoviam
561 1184 607 1257 ad
630 1183 770 1256 flumen
799 1183 967 1258 Silicense
994 1173 1125 1262 venit(

134 1293 192 1370 lbi
226 1297 349 1369 habita
374 1295 571 1384 concione,
607 1294 767 1369 militum
793 1312 909 1369 tentat
941 1298 1103 1370 animost
1145 1321 1152 1337 ¹

19 1465 20 1470 ,
133 1428 228 1500 quos
252 1405 455 1505 cognoscit,
484 1399 665 1493 nonina,
689 1402 751 1476 sed
784 1405 932 1484 Caesarie
951 1407 1108 1482 absentie

19 1605 21 1636 l

19 1507 25 1602 i
131 1516 347 1610 ,causa‚s1bi
377 1515 558 1588 fidiffimos
590 1513 675 1604 effe,
712 1503 935 1623 nullumque
960 1518 1106 1614 pericu-

19 1643 20 1724 }
134 1629 215 1701 lum
231 1630 505 1723 deprecaturos,
530 1627 619 1698 dum
636 1651 699 1721 per
718 1652 778 1700 eos
797 1629 930 1702 Caesari
954 1633 1106 1724 provin·
1137 1633 1140 1640 ’

134 1741 189 1818 cia
211 1741 462 1814 restitueretur.
475 1740 623 1814 Interim
643 1739 799 1814 Thorius
820 1742 867 1814 ad
891 1741 1102 1818 Cordubam
1122 1729 1168 1832 58

135 1867 273 1926 veteres
292 1851 447 1956 legiones
460 1849 629 1920 adducit:
654 1873 715 1936 ac,
734 1871 781 1922 ne
803 1848 1019 1942 dissensionis
1032 1854 1103 1930 ini.

134 1959 232 2032 tium
255 1978 383 2032 natum
399 1958 558 2034 seditiosa
584 1958 743 2032 rnilitum
767 1960 901 2052 suaque
918 1963 1104 2040 videretur

19 2127 20 2140 .
134 2087 286 2159 natura,
314 2073 418 2142 fimul
437 2087 478 2140 ut
501 2087 625 2142 contra
644 2071 692 2172 Q.
713 2067 886 2157 Callum,
924 2073 988 2164 qui
1013 2073 1102 2146 Cae·
1169 2096 1172 2102 ’

134 2178 216 2250 saris
240 2181 390 2250 nomine
420 2176 617 2251 maioribus
641 2175 777 2250 viribus
808 2179 861 2250 uti
885 2179 1103 2271 videbatur,

134 2304 448 2382 aequepotentem
459 2303 662 2390 opponeret
671 2286 895 2384 dignitatem,
916 2289 1104 2366 Culmin-

133 2399 221 2493 peio
236 2399 271 2470 se
291 2399 512 2492 provinciam
530 2423 739 2494 recuperare
759 2401 851 2470 velle
864 2401 983 2496 palam
998 2398 1113 2480 diiii·¹
1146 2439 1148 2444 ·
1182 2463 1186 2471 .

18 2609 19 2614 Ἰ
56 2504 63 2520 '
133 2511 255 2584 tabat:
279 2511 312 2586 8c
331 2511 472 2586 forman
492 2513 601 2587 etiam
624 2494 693 2593 bo'c
717 2509 840 2585 fecerit
863 2511 951 2584 odio
974 2513 1099 2588 Caela}

133 2623 180 2696 ris
192 2623 226 2698 dc
239 2615 361 2698 amore
375 2621 562 2719 Pompeii,
577 2625 678 2696 cuius
698 2647 835 2702 nomen
858 2626 1018 2698 multum
1033 2651 1099 2720 po·

133 2749 226 2810 terat
239 2733 338 2829 apud
357 2758 412 2805 eas
431 2735 608 2833 legiones,
628 2757 716 2826 quas
736 2733 787 2804 M.
800 2733 913 2806 Varro
927 2735 1099 2809 obtinue-

134 2862 211 2930 ταῖς
233 2844 316 2931 sed,
338 2844 379 2914 id
403 2869 475 2938 qua
489 2859 612 2915 mente
626 2859 833 2914 commotus
846 2843 989 2933 fecerit,
1007 2870 1099 2918 con-

133 2953 267 3030 iectura
285 2957 362 3030 sciri
382 2981 460 3030 non
481 2956 616 3050 potest:
645 2975 738 3028 certe
755 2957 825 3026 hoc
841 2981 926 3050 prae
944 2957 979 3028 se
993 2959 1097 3030 Tho·
1154 3003 1159 3011 ·

133 3065 206 3136 rius
237 3065 391 3142 ferebatt
429 3065 560 3138 milites
581 3063 674 3136 adeo
704 3065 927 3152 fatebantur,
958 3081 1000 3136 ut
1026 3067 1094 3139 Cn.

133 3175 302 3272 Pompeii
321 3199 464 3248 nomen
484 3176 522 3246 in
551 3175 655 3246 sentis
678 3175 890 3268 inscriptum
913 3177 1094 3249 haberent.

132 3283 316 3380 Frequens
342 3284 542 3384 legionibus
563 3300 762 3356 conventus
782 3283 925 3354 obviam
949 3286 1092 3379 prodit;
1263 3369 1266 3382 ἃ

133 3415 256 3490 neque
279 3413 421 3468 tantum
441 3394 624 3481 virorum,
641 3393 702 3464 sed
728 3392 837 3464 etiam
864 3412 1019 3468 matrum
1041 3395 1114 3496 f²“.
1219 3491 1222 3496 Ι

134 3507 247 3578 miliae
273 3533 313 3578 ac
344 3521 666 3600 praetextatorum3
706 3503 1010 3598 deprecaturque,
1043 3529 1093 3576 ne

63 3647 66 3668 ¹
134 3615 252 3688 hostili
288 3617 445 3688 adventu
477 3616 685 3686 Cordubam
711 3614 923 3709 diriperent:
950 3639 1033 3684 nam
1055 3612 1092 3684 se

19 3751 20 3758 ¹
134 3742 258 3795 contra
288 3726 438 3796 Callrum
473 3724 603 3795 sentire
629 3747 712 3794 cum
745 3724 937 3807 omnibus3
968 3735 1092 3792 contra

133 3833 318 3916 Caesarem
339 3858 387 3908 ne
413 3834 527 3908 facere
545 3851 787 3934 cogerentur,
813 3856 921 3908 orare.
954 3830 1091 3914 Tantae
1112 3836 1160 3924 59'
