2852 4578
305 356 385 432 uu
589 339 987 430 DEBELLO

303 503 490 619 pervenit:
511 518 666 613 Aquila,
685 521 893 616 tempestate
913 513 1080 606 tamtus,
1095 509 1278 613 promoni'

304 633 439 703 torium
466 631 628 726 superare
658 653 733 703 non
764 633 914 725 potuit,
948 648 1060 721 atque
1093 631 1274 726 angulum

303 741 488 835 quendam
510 759 632 812 tntum
652 765 671 810 a
690 741 897 834 tempestate
922 734 1067 826 nastes,
1088 763 1172 810 cum
1185 737 1277 810 cias*

302 850 339 922 se
358 852 394 921 se
412 850 550 950 longius
566 875 584 920 a
599 845 786 943 prospectu
801 851 966 936 removit.
993 849 1145 942 Reliqua
1163 847 1274 918 claffir

303 959 343 1032 in
362 960 434 1030 salo
459 958 505 1030 ad
530 959 703 1052 Leptim,
736 961 868 1060 egressu
891 957 1104 1057 remigibus,
1127 957 1278 1051 passim-²

304 1083 381 1159 que
402 1066 438 1135 in
456 1065 559 1137 litote
584 1066 820 1163 vagantibus,
845 1067 975 1161 partim
1000 1068 1038 1136 in
1059 1065 1202 1160 oppido
1212 1064 1277 1134 ri*

303 1169 381 1246 dtus
400 1173 453 1244 sui
473 1175 654 1246 mercandi
672 1177 780 1273 gratia
799 1176 1004 1272 progressis,
1030 1199 1140 1246 vacua
1159 1200 1178 1244 a
1199 1171 1276 1244 de*

304 1279 504 1356 senioribus
519 1281 638 1356 flabat.
664 1283 809 1388 Quibus
832 1287 937 1357 rebus
951 1286 1062 1357 Varus
1082 1309 1129 1356 ex
1146 1282 1274 1377 persua

305 1392 356 1490 gis
375 1392 540 1490 cognitis,
570 1393 789 1480 occasrqnem
807 1391 949 1484 nasius,
973 1395 1092 1495 vigilia
1112 1394 1276 1469 secunda

305 1501 510 1574 Adrumeto
528 1525 574 1572 ert
594 1502 752 1574 cothone
777 1501 940 1600 egressus,
953 1529 1036 1576 curn
1057 1503 1176 1598 primo
1191 1515 1276 1580 mai

304 1635 353 1682 ne
371 1611 515 1705 Leptim
539 1610 700 1682 universa
721 1610 821 1683 classe
845 1609 988 1699 vetius,
1015 1637 1121 1686 naves
1142 1627 1273 1690 onera·.¹

305 1722 394 1809 riae,
419 1745 512 1814 quae
531 1721 671 1820 longius
692 1748 711 1791 a
732 1739 842 1818 portu
864 1725 901 1794 in
924 1723 995 1798 salo
1021 1725 1185 1811 stabant,
1210 1724 1272 1794 in-

306 1832 448 1920 cendit,
469 1834 681 1928 &penteres
704 1833 791 1906 duas
810 1853 934 1906 vacuas
955 1861 976 1908 a
997 1833 1271 1920 defensoribus,

114 2036 123 2054 .
237 1951 284 2044 63
304 1948 406 2018 nullo
435 1944 682 2044 repugnante,
702 1940 807 2042 cepit.
832 1946 954 2019 Caesar
976 1947 1120 2020 interim
1137 1931 1273 2018 ¹celeri⁴

303 2067 359 2126 ter
378 2079 442 2149 per
458 2055 605 2126 nuntios
626 2055 661 2126 in
683 2056 818 2142 castris,
844 2081 930 2128 curn
955 2079 1062 2147 opera
1079 2053 1270 2140 circuiret,

304 2167 434 2238 certior
455 2159 590 2252 fassus,
612 2189 705 2258 quae
724 2165 869 2236 aberant
888 2191 907 2235 a
924 2183 1033 2260 portu
1057 2165 1169 2236 millia
1189 2163 1271 2260 pas*

302 2275 408 2348 suum
425 2293 498 2363 vl,
516 2297 614 2367 equo
635 2273 798 2362 admisso,
819 2277 946 2346 omissis
964 2274 1135 2346 omnibus
1147 2273 1270 2362 rebus,

304 2387 464 2462 celeriter
477 2385 640 2478 pervenit
657 2384 821 2478 Leptim:
846 2383 973 2478 ibique
993 2385 1173 2474 hortatus,
1187 2407 1270 2454 om·

303 2519 367 2568 nes
390 2515 429 2574 nt
448 2497 487 2566 ‘se
509 2521 616 2567 naver
641 2495 973 2588 consequerentur,
1006 2497 1166 2589 primurn
1190 2493 1269 2590 ipse

248 2625 257 2668 .·
304 2604 524 2700 navigiolum
545 2606 735 2704 parvulum
748 2603 973 2690 conscendit3
989 2606 1024 2678 in
1039 2604 1142 2677 cursu
1153 2602 1268 2697 Aqui·

302 2705 397 2797 lam,
420 2713 656 2784 multitudine
674 2713 898 2809 navigiorum
913 2712 1139 2807 perterritum
1155 2728 1268 2804 atque

303 2820 562 2916 trepidantem,
585 2817 707 2895 nasius
716 2873 727 2910 ,
741 2821 896 2894 hostium
911 2819 1048 2894 classem
1063 2819 1165 2914 sequi
1181 2843 1267 2892 coe-

232 3005 235 3015 ,
302 2927 369 3028 pit.
394 2924 546 3008 interim·
567 2929 700 3018 Varus,
730 2929 907 3026 celeritate
932 2929 1081 3006 Caesaris
1101 2927 1267 3002 audacia*

302 3061 377 3132 que
396 3029 530 3127 motus,
556 3067 642 3114 curn
664 3041 824 3114 universa
839 3041 959 3129 classe,
976 3042 1150 3114 conversis
1165 3043 1267 3114 navi·

301 3145 383 3233 bus,
397 3149 639 3222 Adrumetum
658 3149 773 3224 uersus
789 3150 912 3248 sugere
922 3151 1120 3224 contendit.
1137 3123 1269 3257 Quem.

303 3257 423 3332 Caesar
446 3261 482 3330 in
503 3261 661 3330 millibus
678 3259 839 3354 passuum
852 3281 895 3333 1v
919 3261 1148 3349 consecutur,
1162 3285 1263 3334 recu·

302 3387 425 3466 perata
444 3371 699 3464 quinqueremi
717 3395 801 3443 cum
822 3375 990 3444 omnibus
1010 3373 1078 3444 suis
1095 3374 1264 3469 epibatis,

302 3497 414 3573 atque
431 3479 537 3552 etiarn
557 3481 711 3553 hostium
728 3482 933 3553 custodibus
948 3502 1045 3555 cxxx
1063 3485 1265 3556 incertave

301 3590 438 3682 captis,
463 3589 643 3664 triremem
670 3593 825 3666 hostium
846 3594 1080 3688 proximam,
1102 3619 1197 3689 quae
1222 3591 1283 3670 iu‘

299 3696 535 3796 repugnando
554 3719 627 3772 erat
646 3719 886 3800 commorata,
908 3703 1070 3776 onustam
1083 3704 1265 3801 remigum

300 3809 599 3910 epibatantmque
626 3813 744 3908 cepit:
784 3813 944 3911 resiquae
975 3839 1084 3889 naver
1105 3815 1267 3902 hostium
