2876 4572
311 363 381 440 104
526 338 823 428 or-ottto
861 339 1050 428 crtum

249 522 286 574 rt
308 501 483 596 mifficrum.
497 494 703 591 Vibullius,
718 501 771 572 his
786 503 951 596 expolitis
968 529 988 582 a
1010 499 1177 590 Caesare,
1190 519 1270 578 non

306 609 426 680 minus
449 605 677 682 necessarium
704 609 769 682 elle
789 611 1020 712 existimavit,
1044 611 1090 681 de
1109 611 1270 705 repenti-

304 741 355 788 no
376 717 537 794 adventu
555 719 704 792 Caesaris
721 720 944 812 Pompeium·
961 721 1035 792 fieri
1055 721 1268 809 certiorem,

305 827 360 922 uti
382 828 431 900 ad
444 828 482 902 id
495 830 685 904 confilium
702 852 827 922 capere
846 828 982 924 pollet,
1007 848 1201 924 antequam
1218 831 1268 904 de
1352 831 1355 834 “

301 928 483 1032 mandatis
508 937 562 1036 agi
589 921 779 1032 inc'iperetr
805 955 916 1034 atque
942 941 1049 1031 ideo,
1077 943 1267 1030 continua·
1348 969 1351 976 ·

301 1064 345 1130 to
365 1051 398 1133 St
422 1047 529 1123 nodie
562 1051 684 1142 &xdie
718 1053 872 1141 itinere,
905 1069 1016 1148 atque
1042 1053 1188 1127 mutatis
1219 1052 1267 1126 ad

302 1163 521 1254 celeritatem
551 1163 746 1254 iumentis,
790 1165 836 1236 ad
863 1164 1082 1257 Pompeium
1103 1179 1267 1234 ⁴conten·

302 1271 373 1358 dit,
402 1288 444 1342 ut
466 1271 580 1368 adesse
599 1271 780 1346 Caesarem
800 1272 971 1350 omuibus
990 1273 1100 1367 copiis
1124 1272 1267 1342 nuntia·

298 1398 365 1456 tet.
406 1381 601 1477 Pompeius
630 1377 704 1454 erat
729 1408 773 1456 eo
791 1399 963 1476 ,tempore
990 1383 1028 1454 in
1062 1383 1266 1472 Candavia,

251 1511 253 1516 '
297 1499 441 1595 iterque
473 1524 519 1574 ex
545 1499 755 1572 Macedonia
780 1500 818 1570 in
854 1501 1006 1572 hiberna
1031 1499 1263 1594 Apolloniam

182 1600 183 1604 ¹
297 1607 641 1704 Dyrihachiumque
660 1608 826 1682 habebat.
858 1607 930 1680 Sed
949 1633 1100 1680 renova
1125 1606 1269 1702 pertur-¹

229 1764 232 1767 >
297 1717 423 1806 batus,
452 1718 646 1790 maioribus
674 1718 860 1789 itineribus
882 1718 1112 1812 Apolloniam
1139 1734 1262 1816 petere

294 1828 419 1923 coepit
433 1880 457 1918 ,ι
470 1853 518 1912 ne
540 1829 661 1916 Caesar
692 1853 778 1902 orae.
795 1827 992 1901 maritimae
1017 1828 1174 1920 civitatee
1200 1849 1263 1897 oc·

297 1955 455 2033 cuperet.
497 1939 546 2012 At
566 1939 654 2026 ille,
691 1939 854 2032 expofitis
889 1939 1092 2026 militibus,
1128 1937 1262 2010 eodem

297 2040 356 2122 die
387 2050 537 2122 Oricum
567 2046 811 2143 proficiscitur·
850 2049 938 2152 Quo
969 2073 1054 2119 cum
1090 2045 1261 2147 venillet,

257 2149 266 2182 ³
294 2156 336 2230 L
351 2159 575 2251 Torquatus,
605 2159 668 2252 qui
695 2157 784 2240 iussu
809 2157 974 2251 Pompeii
999 2158 1138 2252 oppido
1158 2181 1260 2252 prae·
1349 2215 1352 2232 .
1385 2223 1387 2232 .

294 2282 396 2352 erat,¹
413 2263 702 2360 praesidiumque
726 2265 777 2334 ibi
796 2261 1051 2339 Parthinorum
1074 2264 1256 2352 habebat,

292 2391 441 2448 conatus
459 2373 571 2470 portis
594 2375 713 2450 clausis
733 2373 914 2466 oppidum
937 2373 1148 2462 defendere3
1172 2399 1258 2446 cum

293 2484 450 2557 Graecos.
475 2509 623 2564 murum
646 2483 859 2556 adscendere
887 2501 997 2578 atque
1016 2510 1111 2557 arma
1132 2509 1258 2580 capere

290 2593 674 2683 iuberet;,i11iautem
698 2594 733 2664 se
761 2613 885 2666 contra
911 2595 1105 2690 imperium
1126 2596 1258 2690 populi

288 2703 447 2802 Romani
463 2726 683 2803 pugnaturos
702 2705 768 2776 elle
787 2729 956 2804 negarent
967 2734 977 2795 3
1006 2707 1181 2802 oppidani
1196 2699 1263 2785 atr-s

287 2830 376 2890 tem'
395 2817 502 2898 etiam
531 2816 591 2888 sua
613 2817 741 2910 sponte
763 2815 940 2888 Caesarem
964 2818 1122 2910 recipere
1148 2839 1256 2886 cona·

225 2906 245 2948 ⁸
288 2941 431 3000 rentur:
448 2925 643 3020 ¹desperatis
666 2926 835 3002 omnibus
856 2927 1015 3013 artoriliis,
1039 2925 1260 3020 portasape-'

287 3035 384 3123 tuit,
408 3035 495 3109 &se
515 3053 626 3128 atque
648 3035 828 3130 oppidum
853 3033 985 3106 Caesari
1010 3033 1171 3123 dedidit,
1196 3035 1257 3105 ἰιι·1

215 3164 271 3228 ὐ
288 3145 513 3240 columisque
529 3145 575 3217 ab
595 3131 638 3216 eo
654 3145 878 3229 conservatus
894 3143 954 3214 est.
988 3143 1148 3238 Recepto
1166 3145 1255 3221 Cae-

164 3265 165 3268 ’
286 3253 492 3342 sar-Orico,
516 3255 616 3338 nulla
638 3253 842 3346 interposita
868 3273 993 3340 mora,
1019 3251 1254 3344 Apolloniam

262 3353 526 3463 'proficiscitur
552 3363 633 3447 Eius
651 3363 811 3436 adventu
828 3363 973 3450 audito,
1001 3359 1040 3432 Is.
1061 3361 1257 3449 Staberius,

177 3527 179 3532 -
282 3472 349 3568 qui
366 3473 416 3544 ibi
441 3490 618 3566 praeerat,
644 3497 775 3566 aquam
799 3465 1026 3568 comportare
1049 3471 1087 3542 in
1113 3497 1253 3565 arcem,

282 3603 494 3679 atque-eam
516 3587 677 3676 mtrnire,
707 3587 922 3680 obsidesque
947 3587 993 3658 ab
1014 3581 1254 3678 Apolloniati·

280 3695 349 3772 bus
372 3697 511 3794 exigere
521 3697 659 3790 ¹coepit.
708 3695 767 3766 llli
789 3719 873 3766 vero
896 3695 1026 3768 daturos
1041 3696 1083 3788 se
1110 3719 1252 3790 negare..
1356 3731 1359 3738 ·

255 3821 377 3909 ›nepue
391 3824 507 3910 portas
532 3799 654 3900 corffuli
680 3806 931 3908 praeclusurus
966 3829 1065 3906 neque
1078 3807 1149 3906 sibi
1167 3805 1273 3882 iudi-r
