2858 4572
358 389 402 402 ··
471 317 864 469 t·r'nra·t··'·
1058 381 1108 495 it

132 552 342 653 pabulandi
367 573 429 629 ant
454 555 700 647 frumentandi
718 555 818 627 causa
834 553 1018 654 progredi,
1039 555 1107 628 hot

133 669 230 741 devia
248 684 446 764 armaturae
466 667 643 756 Lusrtani,
664 666 846 761 peritique
865 687 985 738 earum
1000 665 1106 762 regio

24 865 27 870 Ι
140 805 238 869 num
265 779 386 852 cetrati
413 779 583 851 citerioris
614 777 828 871 Hispaniae,
860 769 1108 848 consettabur·
1231 811 1234 818 λ

140 904 228 973 tur3
244 885 377 980 quibui
390 901 462 956 erat
473 885 631 980 proclive
645 901 821 958 transnare
832 882 969 956 flumen
980 933 992 970 ‚
1005 877 1108 985 qnod
1129 921 1134 932 ι

135 995 376 1074 consuetudo
395 1020 520 1067 eorum
539 996 703 1068 omnium
721 996 791 1082 est,
817 1011 859 1066 ut
877 993 948 1066 stne
970 991 1110 1066 utribus

142 1107 194 1180 ad
229 1107 427 1178 exercitum
460 1131 536 1178 non
568 1121 661 1178 eant.
695 1101 745 1176 At
774 1107 946 1177 exercitus
975 1101 1109 1175 Afranii
1125 1109 1175 1188 49

146 1218 317 1292 omnium
334 1243 453 1289 rerum
470 1217 680 1291 abundabat
697 1217 809 1312 copia.
854 1217 1014 1287 Multum
1037 1227 1110 1286 erat

141 1327 375 1398 frumentum
403 1328 585 1422 provisum
618 1327 651 1400 80
681 1319 895 1398 cenredum
923 1323 1111 1418 superiori*

147 1437 221 1509 bus
250 1437 496 1530 temporibus:
532 1437 692 1508 multum
728 1433 786 1507 ex'
802 1433 903 1506 omni
928 1433 1110 1527 provincia

145 1545 470 1640 comportabatur:
505 1551 634 1643 magna
664 1543 766 1638 copia
792 1542 918 1637 pabuli
947 1541 1113 1672 suppetet

149 1655 226 1725 bat.
252 1654 387 1750 Harum
413 1679 532 1726 rerum
555 1656 721 1727 omnium
743 1653 926 1726 facultates
945 1653 1017 1725 fine
1034 1653 1113 1724 ullo
1219 1730 1228 1749 ‚

22 1819 23 1856 3
144 1764 314 1862 pericuio
343 1787 434 1860 pont
459 1765 594 1838 Ilerdae
613 1765 830 1860 praebebat,
858 1764 891 1838 Sc
914 1767 992 1836 loca
1017 1779 1115 1836 trans

22 1891 24 1900 ’
151 1871 294 1946 flumen
319 1875 476 1972 integra,
500 1887 577 1969 qub
599 1872 751 1947 omnino
774 1873 893 1944 Caesar
915 1872 1012 1944 adire
1035 1897 1113 1944 non

151 1998 305 2084 poterat.
342 1983 420 2054 Hae
445 1984 714 2076 permanserunt
731 2007 844 2074 aquae
858 1982 933 2052 dies
949 1983 1116 2075 complu·
1133 1999 1181 2078 50

21 2137 22 2140 =
137 2090 219 2184 {rea
246 2093 404 2164 Conatur
417 2093 466 2164 eii
486 2091 607 2162 Caesar
627 2091 769 2159 reficere
791 2106 936 2180 pontes:
961 2087 1022 2157 sed
1047 2111 1115 2160 nec

21 2185 22 2190 ¹
157 2201 372 2297 magnitudo
396 2199 554 2269 fluminis
574 2197 828 2291 permittebat,
844 2219 972 2288 vnequo
999 2196 1045 2266 ad
1070 2197 1118 2266 ri·

157 2333 245 2404 pam
275 2309 466 2405 ,dispositae
497 2308 661 2379 cohortes
693 2305 970 2378 adversariorum
996 2307 1117 2399 perfici

155 2419 407 2516 patiebanturz
448 2420 552 2513 quod
578 2418 645 2489 illis
665 2417 860 2514 prohibere
887 2433 962 2488 erat
992 2417 1119 2508 facile,

84 2627 85 2632 ἵ
153 2547 240 2602 tum
260 2531 365 2626 ipiius
385 2529 544 2602 fluminis
565 2547 689 2600 natura
710 2545 824 2622 atque
847 2553 963 2622 aquae
984 2531 1120 2628 magni-

78 2665 81 2674 ’
153 2639 314 2728 tudine,
335 2658 416 2710 turn
430 2641 535 2734 quod
555 2639 695 2714 extotis
718 2639 801 2732 ripis
815 2639 854 2708 in
873 2661 990 2709 unum
1007 2654 1119 2732 atque
1161 2650 1169 2664 “

159 2731 350 2847 angustum
361 2751 483 2821 locum
498 2751 566 2820 teia
579 2748 816 2832 iaciebantur3
841 2767 952 2840 atque
968 2767 1039 2818 erat
1051 2747 1119 2818 dif-

158 2857 271 2951 ficile,
301 2855 431 2928 eodem
467 2871 658 2951 tempore,
676 2857 909 2950 -rapidiiiimo
939 2856 1118 2945 flumine,

153 2989 269 3060 opera
289 2966 482 3070 perficere,
511 2965 629 3036 &tela
647 2967 766 3036 vitare.
800 2966 996 3036 Nuntiatur
1018 2966 1181 3073 Afra-51

157 3075 251 3159 nio,
279 3097 425 3171 magnos
454 3073 661 3166 comitatus,
689 3075 754 3164 qui
776 3073 1051 3156 iter-habebant
1071 3075 1120 3146 ad

159 3181 365 3269 Gaesarem,
399 3183 444 3252 ad
474 3181 610 3253 flumen
635 3179 829 3252 constitisse.
865 3183 1049 3254 Veneram
1076 3200 1121 3256 eo

159 3290 325 3389 sagittarii
340 3315 384 3362 ex
401 3268 548 3362 Rutenis
563 3343 573 3378 ,
591 3290 729 3384 equites
744 3315 791 3364 ex
806 3291 1012 3363 Galliarum
1026 3295 1122 3363 mub-

139 3401 208 3473 tit
228 3400 330 3473 carris
351 3402 561 3494 magnisque
584 3401 871 3494 impedimentis,
891 3416 931 3470 ut
954 3399 1021 3472 fert
1037 3400 1122 3471 Gan

161 3510 231 3580 lica
254 3493 490 3582 consuetudo.
528 3509 634 3580 Erant
660 3525 837 3602 praeterea
859 3510 1033 3603 cuiusque
1058 3533 1121 3610 ge-

162 3617 255 3692 neris
278 3618 468 3690 hominum
497 3619 607 3689 millia
630 3619 768 3693 circiter
791 3641 838 3694 v1
857 3645 942 3691 cum
963 3617 1121 3690 servisn-

163 3727 329 3821 berisque
342 3755 353 3816 ;
379 3729 440 3800 sed
464 3720 584 3804 nullus
614 3732 728 3820 ordo,
758 3734 903 3835 nullum
927 3731 1121 3822 imperium

162 3852 326 3927 certum,
352 3863 438 3920 curn
452 3839 517 3912 suo
535 3839 690 3936 quisque
702 3844 1055 4010 «confiliocuteretur,
1067 3853 1124 3946 ar·

383 3983 384 3987 ,
764 3979 779 4006 .,
904 3963 924 4040 3
1073 3991 1078 4008 ‚
