2876 4572
408 373 694 458 'arnan
741 373 824 453 111.
906 377 911 402 ³
1036 337 1134 484 ἡ,

172 543 284 642 festa,
319 547 409 624 inde
436 549 596 624 disceffit.
633 547 778 638 Caesar,
802 550 993 648 postquam
1021 551 1201 649 Pom-41}

172 664 300 762 peium
313 663 358 732 ad
368 661 597 760 Asparagium
611 659 677 732 effe
691 663 884 760 cognovit,
904 663 1032 735 eodem
1048 687 1134 736 cum

174 776 333 847 exercitu
354 767 556 868 professus,
586 789 794 872 expugnato
819 773 857 844 in
880 774 1005 880 itinere
1030 776 1136 870 oppi-

175 885 225 958 do
244 885 518 970 Parthinorum,
544 883 582 952 in
605 905 681 976 quo
703 882 899 976 Pompeius
920 884 1135 978 praesidium

173 987 355 1078 habebat,
394 992 501 1062 tertio
532 989 590 1061 die
618 990 656 1059 in
685 989 932 1062 Macedoniam
954 992 1001 1063 ad
1025 996 1135 1066 Pom·

172 1099 298 1196 peium
324 1101 508 1192 pervenit,
542 1099 717 1192 iuxtaque
745 1123 829 1170 eum
852 1099 958 1172 castra
982 1101 1133 1195 posuit3
1201 1149 1206 1158 ·

107 1253 111 1259 .
145 1209 422 1304 ¹&postndie,
458 1205 791 1288 eduttisomnibus
815 1209 943 1303 copiis,
977 1213 1051 1284 acie
1076 1211 1135 1283 in·

175 1310 327 1403 structa,
364 1311 584 1386 decernendi
610 1316 822 1408 potestatem
846 1315 1022 1408 Pompeio
1042 1317 1135 1388 fecit.

172 1425 249 1498 Ubi
269 1427 373 1498 illum
392 1426 459 1495 suis
482 1424 568 1496 locis
582 1423 626 1516 ¹se
648 1438 770 1494 tenere
783 1425 947 1496 animum
966 1427 1135 1516 advertit,

147 1631 153 1634 Π
173 1531 324 1609 seducto
334 1537 372 1608 in
388 1535 492 1608 castra
507 1534 680 1624 exercitu,
694 1535 791 1607 aliud
805 1535 870 1608 fibi
882 1538 1067 1610 confilium
1081 1563 1136 1612 ca·

173 1645 351 1743 piendum
375 1645 594 1717 existimavit.
626 1647 754 1742 Itaque
773 1649 914 1742 postero
932 1649 991 1722 die
1014 1655 1136 1723 omni·

125 1833 129 1840 ,
175 1761 244 1831 bus
266 1759 395 1854 copiis,
412 1783 543 1856 magno
555 1759 734 1846 circuitu,
761 1759 894 1831 difficili
912 1763 1135 1860 angustoque

175 1871 327 1956 itinere,
369 1865 633 1966 Dyrrhachium
665 1864 845 1963 profectus
872 1871 940 1960 est,
974 1873 1134 1967 sperans,

172 1981 391 2075 Pompeium
412 1995 474 2050 aut
502 1971 767 2075 Dyrrhachium
784 1983 981 2074 compelli,
1004 2000 1066 2053 aut
1088 1985 1135 2055 ab

175 2093 220 2162 eo
238 2087 428 2160 intercludi
451 2087 575 2182 poffe,
604 2089 707 2179 quod
730 2113 877 2158 omnem
891 2111 1136 2165 commeatum

159 2203 360 2293 ftotiusque
371 2200 455 2269 belli
468 2215 673 2291 apparatum
687 2198 714 2267 is
727 2223 770 2268 eo
785 2197 987 2270 contuliffet
1000 2229 1007 2270 :
1025 2219 1065 2272 ut
1078 2225 1137 2274 ac-

176 2311 276 2408 cidit.
304 2307 499 2401 Pompeius
510 2309 623 2395 enim,
638 2308 757 2402 primo
776 2311 936 2408 ignorans
960 2311 1033 2380 eius
1047 2335 1137 2383 con-

172 2421 317 2505 silium,
338 2419 447 2516 'quod
465 2417 601 2488 diverso
626 2417 672 2488 ab
690 2443 730 2489 ea
751 2421 897 2516 regione
911 2419 1037 2494 itinere
1055 2431 1137 2518 proi

175 2527 310 2605 feiium
326 2533 497 2615 videbat,
513 2531 678 2628 angustiis
698 2535 747 2602 rei
768 2532 1019 2628 frumentariae
1037 2537 1136 2609 comi

175 2641 321 2735 pulsum
351 2639 527 2711 disceffiffe
557 2639 798 2712 existimabat:
828 2645 965 2738 postea,
991 2671 1056 2739 per
1075 2669 1135 2718 ex·

26 2761 33 2778 ·
122 2788 125 2793 <
173 2749 371 2841 ploratores
385 2747 512 2816 certior
534 2741 664 2834 sacius,
693 2747 834 2841 postero
858 2751 916 2821 die
933 2752 1037 2822 castra
1053 2779 1134 2825 mo·

153 2857 251 2944 'vit,
275 2856 438 2927 breviore
463 2853 590 2926 itinere
611 2855 645 2925 se
666 2881 851 2930 occurrere
872 2859 905 2930 ei
932 2859 1030 2954 poss’e
1054 2861 1134 2957 spe·
1178 2890 1195 2924 ν

176 2991 265 3041 rans.
292 2967 408 3074 Quod
435 2964 511 3036 fore
539 2966 730 3060 inspiratus
755 2970 901 3058 Caesar,
930 2972 1134 3068 militesque

175 3078 411 3164 adhortatur,
439 3095 481 3148 ut
504 3101 623 3169 aequo
648 3081 768 3148 animo
794 3079 953 3152 laborem
977 3081 1134 3172 ferrent,

174 3215 285 3285 parva
303 3206 402 3286 parte
424 3183 536 3260 achiis
553 3187 679 3259 itinere
694 3189 885 3262 intermiffo
896 3244 907 3280 ,
920 3219 1026 3264 mane
1042 3193 1136 3291 Dyr·

177 3301 364 3373 ahachium
387 3301 509 3387 veuit,
537 3302 801 3393 cumprimum
826 3327 952 3400 agmen
970 3301 1135 3399 Pompeii

175 3413 303 3506 procul
329 3427 550 3495 cerneretur,
566 3424 676 3502 atque
689 3401 861 3482 ibi·castra
875 3413 1004 3507 posuit.
1027 3415 1134 3487 Pom·
1147 3421 1197 3500 42‘

174 3521 300 3620 peius,
323 3517 530 3592 interclusus
550 3515 801 3612 Dyrrhachio,
828 3519 893 3590 ubi
907 3523 1132 3616 propositum
1184 3527 1192 3542 '

174 3647 296 3702 tenere
316 3654 390 3701 non
407 3631 555 3724 potuit,
581 3627 740 3699 secundo
763 3628 843 3700 usus
865 3633 1029 3719 confilio,
1056 3629 1134 3703 edi·

170 3741 215 3812 to
238 3742 342 3825 loco,
365 3740 428 3832 qui
453 3739 653 3836 appellatur
680 3741 805 3830 Petra,
831 3741 1045 3834 aditumque
1072 3743 1134 3812 ha-

137 3846 140 3852 ’
175 3851 241 3921 bet
263 3845 412 3922 navibus
445 3849 689 3942 mediocrem,
720 3868 831 3945 atque
860 3879 954 3926 casa
984 3853 1135 3947 quibus·
