2876 4572
1083 67 1112 114 ὅ
1226 109 1227 114 ,

341 363 413 458 ω
453 437 454 442 Ν
559 359 634 434 un
668 345 854 440 sunto
888 359 1076 438 ossum

342 545 527 624 parvoque
555 524 667 619 spatio
695 524 914 614 intermitto,
938 541 982 598 ut
1004 525 1037 600 8c
1063 526 1213 610 militare
1237 523 1313 604 ins*

340 636 504 706 stitutum
528 633 742 723 servaretur,
765 633 797 704 lc
817 661 926 728 quam
947 627 1107 706 serissime
1120 636 1194 710 eius
1208 659 1292 728 pro-
1332 641 1354 670 '·

339 738 446 816 rectio
465 742 756 838 cognosceretur,
788 745 1000 818 conclamari
1024 744 1135 833 iussrt3
1160 741 1291 814 statim·

283 886 286 890 ·
340 877 414 946 que
438 851 606 949 egressus,
635 847 906 926 &novissimum
924 847 1052 950 agmen
1069 851 1293 942 consecutus,

338 961 499 1038 celeriter
513 983 558 1030 ex
574 959 763 1055 conspeslu
779 961 969 1034 castrorum
983 961 1136 1032 discessit„
1156 963 1290 1054 Neque

341 1091 425 1141 vero
447 1070 661 1164 Pompeius,
688 1073 831 1168 cognito
854 1071 997 1141 confilio
1019 1071 1113 1156 eius,
1152 1093 1292 1144 moram

325 1169 452 1250 ‘ullam
473 1180 517 1250 ad
535 1177 796 1272 insequendum
821 1181 962 1251 intulit:
984 1179 1045 1250 sed
1065 1167 1190 1250 eadem
1210 1178 1294 1271 spei

340 1284 487 1376 {lonast
504 1291 627 1360 itinere
637 1291 827 1385 impeditos
836 1289 871 1362 ‘8t
885 1291 1086 1383 perterritos
1100 1289 1292 1382 deprehen·

296 1433 303 1440 ·
343 1399 425 1471 dere
438 1398 560 1491 pollet,
570 1402 763 1472 exercitum
775 1427 794 1472 e
805 1401 914 1472 castris
928 1401 1067 1488 eduxit,
1078 1401 1291 1492 equitatum·

342 1510 613 1602 que'praemisrt
634 1509 679 1579 ad
701 1511 927 1581 novillimum
950 1532 1076 1606 agmen
1100 1507 1294 1581 demorans

264 1643 266 1656 ¹
341 1619 458 1702 dum,
475 1643 594 1710 neque
611 1619 780 1710 consequi
793 1620 927 1712 potuit,
945 1617 1046 1710 quod
1059 1620 1215 1688 multum
1226 1639 1290 1699 <este¹

189 1747 192 1756 ⁴
283 1817 286 1824 .
341 1726 465 1820 pedite
479 1727 602 1796 itinere
614 1723 834 1796 antecesserat
846 1725 977 1796 Caesar.
1013 1723 1085 1794 Sed
1100 1730 1183 1792 cum
1201 1745 1290 1794 ven-

342 1848 424 1904 tum
445 1832 526 1904 ellet
540 1835 586 1904 ad
608 1833 745 1904 flumen
768 1833 974 1922 Genusum,
997 1833 1099 1926 quod
1117 1831 1198 1926 ripis
1214 1845 1290 1904 etat

335 1945 543 2039 ¹impeditis,
560 1945 766 2016 consecutus
782 1945 957 2037 equitatus
973 1945 1174 2014 novlffimos
1185 1943 1290 2037 proca

341 2056 392 2126 lio
416 2054 609 2126 detinebat.
636 2055 732 2126 Huic
762 2054 842 2124 suos
870 2053 990 2124 Caesar
1015 2053 1150 2146 equites
1170 2058 1311 2146 oppoff'

338 2161 432 2250 ¹suit,
463 2164 721 2257 expeditosque
748 2163 985 2260 antesignanos
1007 2162 1192 2234 admiscuit
1215 2183 1284 2240 cns

342 2273 410 2366 qui
432 2290 572 2343 tantum
602 2271 851 2365 profecerunt,
887 2289 947 2359 ut,
978 2263 1129 2364 eqriellri
1149 2273 1289 2366 proelio

336 2380 549 2468 commisso,
572 2383 748 2472 pellerent
768 2405 912 2467 omnes,
937 2383 1210 2473 compluresque
1230 2382 1288 2450 in·

247 2535 252 2551 ·
341 2491 562 2576 terficerent,
602 2490 664 2582 ips1
694 2489 891 2560 incolumes
914 2489 948 2561 se
972 2490 1018 2561 ad
1043 2515 1169 2586 agmen
1197 2491 1287 2560 reci-

256 2607 327 2704 7⁶
344 2615 481 2694 perent.
526 2592 698 2668 Confeslo
717 2597 817 2676 iusto,
830 2598 952 2667 itinere
974 2599 1157 2692 eiusdiei,
1183 2598 1286 2696 quod

343 2708 574 2803 proposuerat
597 2705 738 2793 Caesar,
759 2700 1031 2798 transdusloque
1049 2709 1203 2778 exercitu
1216 2708 1288 2780 slu-

342 2844 428 2893 men
441 2813 443 2824 ’
455 2817 666 2905 Genusum,
682 2816 859 2889 veteribus
879 2815 948 2886 suis
972 2817 1010 2888 iu
1031 2818 1141 2888 castris
1162 2835 1286 2892 contra

340 2925 569 3024 Asparagium
600 2923 779 3013 consedit,
812 2925 1013 3018 militesque
1039 2949 1161 2996 omnes
1194 2927 1286 2998 intra

224 3035 228 3058 '
340 3039 474 3110 vallum
491 3039 677 3110 castrorum
694 3037 886 3124 continuit,
912 3035 1206 3128 equitatumque,
1222 3057 1288 3128 pet

339 3145 477 3216 eausam
497 3145 691 3239 pabulandi
705 3144 887 3232 emissum,
921 3143 1102 3214 confestim
1118 3144 1286 3216 decuma·

234 3266 241 3270 ’
339 3283 385 3330 na
403 3269 504 3350 porta
528 3258 570 3332 iu
585 3257 689 3326 castra
708 3255 743 3326 se
765 3255 917 3346 recipere
932 3254 1031 3336 iusltt.
1055 3252 1166 3326 Simili
1187 3253 1287 3324 ratio·

336 3391 387 3449 ‚ne
409 3367 618 3458 Pompeius,
636 3357 798 3437 confesso
821 3362 976 3440 eiusdem
991 3363 1062 3434 diei
1077 3363 1221 3449 itinere,
1246 3362 1286 3434 in

338 3477 408 3554 suis
434 3476 611 3556 veteribus
631 3477 741 3548 castris
768 3474 813 3550 ad
841 3471 1070 3573 Asparagium
1103 3473 1287 3560 consedit,

333 3587 487 3676 eiusque
508 3585 657 3673 milites,
679 3579 840 3678 quodab
859 3609 984 3678 opere,
1006 3583 1146 3681 integris
1163 3583 1286 3659 muni·
1386 3619 1391 3623 -

338 3694 515 3782 tionibus,
539 3696 730 3802 vaqa'bant,
754 3695 817 3788 alii
833 3695 992 3792 lignandi
1015 3693 1287 3788 pabulandique
1364 3719 1369 3746 ⁸

327 3803 437 3890 ,causa
453 3803 592 3904 longius
610 3803 945 3905 progrediebantult
969 3807 1026 3885 elii
1036 3856 1048 3898 ,
1069 3805 1171 3903 quod
1189 3803 1286 3885 subi-
