2876 4572
427 379 659 470 rr'ruu
705 389 787 463 111.
987 393 1083 488 ,υς

134 572 175 630 to
201 555 386 628 confilium
407 552 633 652 profesiionis
653 569 838 648 ceperant,
858 573 987 650 magna
1004 533 1085 647 par·

131 667 540 762 teimpedimentorurn
570 665 601 735 8c
628 665 837 734 sarcinarum
869 657 1004 746 relisla,
1034 659 1087 736 ad

23 833 24 838 η
128 777 219 850 'haec
243 777 438 872 repetenda
476 775 613 846 invitati
639 773 908 887 propinquitate
931 772 1088 864 sbperio'-

134 911 215 957 rum
227 888 441 974 castrorum
463 884 657 980 depofitis'
649 909 685 954 rn
683 876 940 954 contubernio
963 880 1087 966 armis,
1197 937 1201 948 .
1272 949 1276 960 ,

121 984 270 1067 ‘vallum
286 996 542 1090 relinquebant.
575 995 717 1098 Quibus
732 993 778 1062 ad
791 989 1036 1086 sequendum
1028 1008 1088 1058 rm·

134 1105 284 1198 peditis,
312 1103 452 1189 Caesar,
473 1101 575 1195 quod
593 1099 669 1171 fore
687 1100 912 1194 providerat,
927 1095 1087 1167 meridia-

23 1267 28 1296 ,
131 1235 184 1284 no
206 1215 279 1284 fere
304 1231 489 1305 ternpore,
515 1213 611 1308 signo
635 1204 861 1304 profesiionis
889 1207 999 1294 dato,
1024 1216 1087 1275 exi·

134 1325 287 1394 ercitum
305 1324 442 1410 educit,
475 1323 731 1416 duplicatoque
752 1319 826 1390 eius
854 1317 923 1386 diei
944 1313 1086 1401 itinere,
1174 1367 1177 1372 .

135 1431 219 1507 osto
235 1435 343 1505 millia
365 1433 526 1530 passuum
548 1459 592 1504 ex
616 1459 660 1504 eo
680 1433 762 1504 loco
785 1431 956 1502 discedit:
984 1426 1087 1522 quod

23 1579 25 1624 r
134 1546 250 1618 facere
273 1547 462 1640 Pompeius
493 1543 637 1616 discessu
671 1544 835 1616 militum·
849 1565 923 1613 non
951 1543 1083 1636 potuit.

23 1649 24 1662 ¹
135 1655 278 1725 Postero
296 1656 355 1726 die
368 1655 505 1744 Caesar,
524 1655 679 1727 similiter
690 1655 874 1748 praemissis
891 1655 1009 1747 prima
1020 1676 1086 1721 noe
1102 1667 1149 1742 77
1252 1669 1254 1674 '

135 1760 192 1836 tle
218 1765 505 1859 impedimentis,
534 1768 581 1836 de
606 1781 729 1859 quarta
752 1765 868 1862 vigilia
887 1765 960 1858 ipse
990 1789 1088 1862 egre-

135 1875 255 1962 ditur,
286 1891 349 1964 ut,
373 1875 398 1946 fi
423 1901 496 1970 qua
519 1875 683 1970 imposita
705 1873 786 1945 esset
806 1873 1001 1945 dimicandi
1027 1897 1088 1944 ne·

23 2031 24 2036 κ
134 1984 289 2070 cessitas,
314 1985 473 2076 subitum
494 1981 611 2056 casurlr
635 1985 806 2078 expedito
830 1985 988 2054 exercitu
1004 1983 1089 2052 sub·
1177 1997 1180 2009 '

134 2093 214 2164 iret.
242 2093 324 2165 Hoc
341 2095 438 2169 idern
458 2095 602 2186 reliquis
618 2093 702 2180 fecit
723 2089 859 2162 diebus.
879 2085 1021 2194 Quibus
1034 2115 1090 2162 re-

115 2204 207 2287 ‚bus
227 2201 424 2326 perfeslum
439 2204 505 2292 est,
526 2201 745 2286 rit-altissimis
758 2201 968 2273 fluminibus
980 2206 1088 2294 atque'

134 2311 407 2404 impeditissimis
438 2311 624 2382 itineribus
657 2311 799 2400 nullum
833 2309 1009 2408 acciperet
1031 2311 1090 2381 lit-²

136 2422 385 2493 commodum.
413 2421 605 2516 Pompeius
624 2423 741 2510 enim,
766 2423 873 2515 primi
864 2421 964 2491 diei
986 2439 1087 2508 moraj

23 2571 24 2576 κ
133 2531 256 2620 illata,
279 2533 310 2605 8c
337 2535 558 2627 reliquorum
580 2533 719 2604 dierum
742 2533 862 2604 frustra
875 2533 996 2604 labore
1015 2513 1087 2604 sus·¹

23 2703 24 2708 ,
137 2657 273 2736 cepte,
306 2668 404 2716 curn
425 2643 459 2713 se
489 2645 623 2742 magnis
651 2641 845 2714 itineribus
863 2644 1093 2730 extenderet,

115 2751 387 2852 &progressos
412 2751 586 2849 consequi
616 2773 781 2849 cuperet,
809 2773 935 2848 quarto
964 2757 1021 2826 dre
1044 2755 1113 2826 fi

136 2865 222 2934 riem
242 2863 415 2956 sequendi
435 2864 540 2951 fecit,
563 2870 672 2957 atque
691 2862 793 2934 aliud
812 2863 874 2933 fibi
901 2864 1087 2934 confilium

23 2977 52 3050 s
136 2951 352 3065 capiendum
374 2915 591 3040 existimabit.
618 2969 775 3056 Caesari,
799 2969 844 3038 ad
867 2967 998 3042 saucios
1023 2973 1086 3043 de·
1102 2975 1154 3074 78

23 3119 24 3128 Κ
135 3081 375 3178 ponendos,
371 3077 598 3170 stipendium
624 3078 795 3148 exercitui
818 3075 1000 3170 dandum,
1031 3081 1087 3151 so·
1154 3117 1157 3125 =

23 3183 24 3186 Ἴ
136 3192 209 3262 cios
240 3185 542 3274 confirmandm,
560 3185 772 3280 praesidium
800 3185 947 3256 urbibus
980 3191 1091 3282 reline¹

137 3299 348 3395 quendum,
373 3295 506 3369 necesse
534 3317 607 3369 eret
630 3297 724 3368 adire
748 3297 988 3392 Apolloniam.
1014 3299 1098 3376 Sed¹

135 3409 188 3480 his
214 3409 320 3480 rebus
349 3421 491 3478 tantum
530 3405 700 3502 temporis
728 3406 873 3494 tribuit,
906 3399 1092 3499 quantum*
1197 3435 1199 3440 ·
1234 3427 1237 3434 '

137 3530 209 3591 erat
244 3518 448 3614 properanti
478 3515 631 3587 necesse:
667 3517 870 3610 timensque
896 3511 1095 3608 Domitio',‘

136 3653 182 3699 ne
195 3631 353 3698 adventu
378 3621 541 3720 Pompeii
562 3641 901 3721 praeoccuparetur,
928 3630 974 3698 ad
1000 3657 1084 3701 eum

23 3723 24 3756 r
136 3735 239 3808 omni
258 3737 434 3806 celeritate
454 3734 638 3808 &studio
629 3736 790 3806 incitatus
807 3736 993 3807 ferebatur
1010 3737 1092 3819 Το-

136 3847 206 3919 tius
232 3847 352 3918 autem
382 3848 434 3920 rei
461 3835 658 3920 consilium
678 3845 731 3918 lris
751 3847 953 3920 rationibus
970 3846 1094 3946 expli-⁴

818 3943 894 4042 Ka
