2876 4572
697 73 709 110 b

322 345 401 428 “218
566 341 706 418 ’ΒΕ
757 342 1032 419 BELLO‘

324 507 409 580 'cius
431 506 523 577 inter
552 503 652 594 saxa,
679 511 774 602 bure
787 508 972 598 iaciebant
996 507 1034 576 in
1058 503 1208 592 itinere,
1224 503 1301 576 ¹r‘u-

333 619 432 713 giens
451 616 669 711 opprimitur
681 661 700 704 ‚·
720 616 774 703 Sc,
791 619 903 688 relato
926 617 1082 688 domurn
1099 615 1233 704 Gallio,
1247 612 1302 688 ad.

281 777 283 782 .
333 745 422 794 eum
445 722 644 806 deducitur.
688 723 840 796 Racilius
865 723 904 794 in
931 721 1136 824 prorimam
1164 722 1201 794 se
1227 721 1298 794 do·

231 875 237 893 x
256 855 268 921 j
302 891 305 898 .
333 855 437 904 nrum
453 832 629 906 familiaris
642 834 693 906 sui
711 834 873 922 confert,
898 833 989 906 dum
1004 849 1146 905 certum
1160 856 1300 931 cogno*

332 944 465 1032 sceret,
492 940 721 1018 confessurus
748 946 876 1022 Cassius
906 943 996 1016 ellet
1029 941 1301 1032 LLaterensrs,
1342 987 1346 1004 .‹

335 1077 420 1140 curn
440 1053 479 1125 id
502 1076 575 1127 uon
598 1053 802 1144 dubitaret,
827 1053 978 1126 accurrit
993 1053 1127 1125 laetus
1118 1077 1156 1124 m
1171 1053 1307 1140 castra,
1421 1059 1422 1068 ’

335 1159 510 1232 militibus
531 1159 785 1239 vernaculis&
809 1163 987 1235 secundae
1020 1162 1186 1262 legionis,
1213 1161 1299 1257 qui·

310 1329 312 1334 .
335 1269 405 1342 bus
422 1271 511 1342 odio
529 1271 659 1345 sciebat
686 1273 876 1368 praecipue
897 1272 1047 1346 Canum
1068 1273 1150 1360 elle,
1180 1287 1300 1374 gratu·

336 1384 454 1458 latur:
484 1365 623 1457 tollitur
641 1385 940 1462 arnultitudine
931 1409 969 1456 ιιι
988 1384 1173 1472 tribunal,
1194 1408 1300 1478 prae·

333 1507 395 1566 tor
411 1496 630 1590 appellatum
653 1521 764 1568 nemo
786 1496 883 1568 enim
897 1496 1010 1568 autin
1031 1493 1215 1589 provincia
1229 1517 1301 1564 na·

224 1619 226 1636 ·
336 1619 418 1690 tus,
439 1619 501 1674 aut
524 1607 735 1676 vernaculae
754 1604 903 1703 legionis
925 1603 1049 1693 miles,
1074 1619 1139 1676 aut
1155 1603 1311 1686 diutura'

335 1712 448 1784 nitate
477 1713 549 1786 iam
575 1695 689 1787 fastus
712 1715 960 1810 provlncialis,
998 1740 1075 1810 quo
1101 1714 1140 1786 in
1165 1697 1301 1788 niune·

334 1848 377 1896 ro
400 1839 474 1895 erat
501 1825 655 1898 secunda
676 1828 790 1926 legio,
815 1852 892 1900 non
915 1851 1001 1899 cum
1025 1825 1128 1898 omni
1149 1823 1301 1919 provin·

335 1934 390 2002 cia
406 1933 623 2008 consenserat
635 1936 673 2008 in
688 1935 775 2008 odio
793 1937 910 2008 caffii:
937 1961 1024 2008 nam
1040 1935 1198 2033 legiones
1213 1950 1297 2005 xxx

309 2095 312 2106 .
336 2042 371 2114 8c
389 2055 476 2134 xxr,
503 2047 976 2140 paucismenfibusiultslia
990 2046 1151 2142 scriptas,
1177 2045 1323 2118 Caesarx

334 2154 546 2228 attribuerat
563 2157 753 2255 Longino,
781 2159 907 2253 quinta
920 2157 1015 2256 legio
1027 2155 1080 2232 ibi
1094 2179 1211 2252 nuper
1226 2172 1302 2230 eret

278 2289 330 2373 54
339 2262 508 2338 confesia.
542 2267 691 2340 interim
720 2270 909 2342 nuntiatur
941 2268 1142 2356 Laterensi,
1175 2269 1300 2341 uivere

325 2377 501 2451 Cassium.
530 2378 618 2483 Quo
645 2381 778 2450 nuntio
804 2379 932 2452 dolore
957 2378 1066 2476 magis
1095 2392 1299 2472 permotus,

336 2504 450 2582 quarn
474 2487 597 2558 animo
614 2461 863 2581 perturbatirs,
887 2488 999 2560 reficit
1014 2489 1049 2559 le
1069 2488 1249 2576 celeriter,
1263 2487 1298 2562 St
1395 2513 1406 2540 ι

258 2606 261 2613 ’
336 2601 384 2672 ad
407 2599 558 2670 Gallium
575 2598 765 2670 visendum
781 2599 1023 2693 proficiscitur.
1053 2601 1106 2674 Re
1131 2601 1299 2699 cognita,

293 2725 301 2730 '
336 2730 415 2786 xxx
439 2711 532 2808 legio
555 2711 649 2810 signa
673 2708 884 2780 Cordubam
915 2708 1023 2785 infert
1051 2709 1097 2782 ad
1119 2710 1298 2782 auxilium

336 2807 568 2897 feiendurn
560 2821 657 2912 unpe
638 2818 765 2888 ratori
790 2817 865 2895 suo
884 2817 983 2890 Facit
999 2820 1070 2892 lroc
1088 2818 1186 2893 idem
1208 2837 1295 2891 xrs:

335 2929 567 3022 subsequitur
592 2929 652 2999 has
678 2947 716 3000 v
739 2925 836 2998 Cum
854 2926 947 3000 duae
966 2928 1123 3025 legiones
1139 2929 1300 3022 reliquae

270 3073 276 3086 ·
335 3039 498 3112 silentiu
517 3037 644 3122 castris3
672 3036 868 3108 secundani
889 3036 1016 3123 veriti,
1042 3060 1089 3107 ne
1113 3036 1302 3110 solirelina-

337 3153 562 3246 querentur‘,
596 3164 705 3241 atque
731 3172 777 3220 ex
803 3171 871 3235 eo,
903 3143 995 3240 quid
1018 3146 1222 3237 sensissent„
1242 3149 1300 3220 iu·

338 3265 535 3348 dicaretur,
560 3258 672 3330 secuti
698 3261 781 3330 sunt
796 3253 930 3330 fastum
954 3257 1196 3352 superiorumr
1215 3281 1299 3353 per·

337 3373 464 3446 mansit
479 3373 517 3441 in
539 3370 711 3442 sententia
731 3369 825 3467 legio
840 3372 1049 3457 vernacula,
1076 3393 1151 3466 nec¹
1162 3371 1239 3440 ullo
1253 3370 1297 3445 tir

278 3506 319 3587 55
339 3508 440 3558 more
464 3482 510 3553 de
530 3482 642 3580 gradu
665 3475 796 3562 deiesia
813 3480 870 3550 est.
894 3480 1021 3554 Caffius
1041 3505 1122 3568 eos,
1147 3480 1213 3573 qui
1227 3501 1298 3552 noo

337 3592 466 3666 minati
489 3610 588 3662 erant
607 3589 737 3662 conscii
760 3588 899 3677 caedis,
930 3588 1034 3658 iubet
1055 3587 1297 3682 comprehena

337 3708 397 3778 di:
417 3704 594 3803 legionem
617 3703 782 3796 quintam
806 3701 844 3771 in
858 3700 962 3772 castra
975 3697 1144 3787 remittit,
1167 3699 1299 3770 cobor-

335 3820 436 3894 tibus
462 3814 606 3917 triginta
628 3799 784 3888 retentis·
820 3809 966 3914 Indicio¹
984 3809 1138 3886 Minucii
1164 3830 1302 3910 cognom
