2852 4578
233 367 235 374 ·
291 364 814 452 mensurenter
1000 378 1076 474 m*

112 530 246 604 rmum
263 529 520 625 proficiscitur,
541 529 574 604 st
596 529 793 606 Caecilium
816 529 988 629 Nigrum,
1010 556 1078 642 np-

111 639 210 724 mine
231 640 445 727 Barbarum,
470 639 516 712 ad
537 639 695 714 Lenium
716 641 910 728 convenit3
929 666 995 734 qur
984 643 1076 722 be·

110 772 159 822 ne
181 774 347 847 magnam
363 773 513 823 manum
528 748 780 824 Lusitanorum
804 749 963 826 haberet.
983 753 1077 830 Rur-

112 861 196 934 sus
187 884 226 934 rn
239 862 414 960 Hispalim
434 859 616 954 oppidum
637 861 761 934 denuo
782 856 891 934 notro
908 889 1076 958 permn⁴

110 995 194 1046 rum
215 961 406 1070 recipitur:
427 972 642 1067 praefidium
664 972 859 1070 vigilesque
885 975 1073 1072 iugulant,

111 1101 232 1179 portas
250 1081 523 1177 praecludunt,
537 1081 584 1152 de
603 1081 742 1178 integro
759 1106 919 1180 pugnare
943 1109 1075 1181 coepe·

110 1215 207 1266 runt.
237 1194 341 1266 Dum
355 1195 442 1264 haec
455 1183 646 1289 geruntur,
668 1191 772 1290 legati
789 1192 1003 1268 Carteienses
1018 1220 1074 1270 re—
1089 1193 1139 1293 36

111 1303 349 1388 nuntiarunt,
370 1299 474 1394 quod
497 1298 715 1393 Pompeium
727 1299 766 1386 in
779 1301 989 1394 potestatem
1010 1305 1074 1378 ha·
1128 1319 1129 1324 ’

111 1412 253 1490 berent.
278 1412 392 1519 Quod
406 1428 491 1484 ante
511 1409 648 1488 Caesari
660 1427 780 1505 portas
797 1409 1077 1505 praeclusissem,

109 1521 176 1594 illo
200 1523 376 1594 beneficio
397 1523 504 1594 suum
528 1519 1012 1596 maleficium‘existimabant
1035 1525 1073 1604 se

110 1633 326 1704 lucrifacere.
353 1632 509 1704 Lusrtani
533 1630 668 1724 Hispali
692 1653 850 1727 pugnare
863 1633 966 1702 nullo
981 1653 1112 1710 tem·¹

110 1765 201 1835 pore
223 1742 440 1813 desistebant
473 1738 590 1846 Quod
611 1737 837 1812 Caesareum
857 1739 1076 1846 animadvert-

110 1869 227 1941 teret,
255 1854 280 1924 sr
305 1851 485 1946 oppidum
509 1872 634 1942 capere
657 1847 927 1936 contenderet,
939 1867 981 1922 ut
1006 1852 1077 1924 lro·¹
1127 1941 1129 1946 Ι

112 1965 230 2041 mines
251 1965 384 2056 perditi
405 1959 667 2046 incenderent,
686 1959 877 2032 &moenia
891 1960 1076 2054 delerent,¹
1198 1969 1202 1976 '

110 2073 162 2144 ita
177 2073 323 2146 consilio
339 2072 461 2142 liabito
482 2063 618 2154 nonu,
652 2069 786 2161 patitur
800 2069 980 2154 Lusitanos
997 2093 1076 2145 eru·
1200 2155 1203 2162 Ι

113 2183 446 2278 ptionemsacere:
481 2181 520 2251 id
537 2181 640 2274 quod
667 2182 832 2252 consulto
861 2205 938 2252 non
962 2180 1077 2255 existi·
1144 2221 1148 2230 ·

114 2293 265 2367 mabant
286 2293 372 2363 fieri.
408 2293 461 2362 Ita
484 2290 735 2386 erumpendo,
754 2317 881 2379 naves,
912 2317 1004 2384 quae
1020 2292 1075 2364 ed

113 2403 252 2476 Baetim
269 2402 407 2476 flumen
428 2401 592 2487 fuissent,
611 2401 823 2473 incendunt·
847 2401 964 2474 Nostri
981 2402 1076 2481 dum

93 2515 104 2596 .'
113 2513 287 2584 incendio
306 2512 538 2597 detinentur,
552 2511 602 2580 illi
617 2507 850 2607 psosngiunt,
865 2511 897 2583 sc
914 2513 960 2582 ab
974 2511 1077 2605 equi·

112 2624 213 2694 tibus
231 2621 481 2694 conciduntur.
521 2621 608 2726 Quo
627 2614 741 2707 sesto,
767 2621 905 2714 oppido
924 2645 1076 2715 recupe-

114 2749 218 2820 rato,
243 2730 361 2802 Allam
385 2732 453 2802 iter
472 2729 586 2800 facere
606 2727 745 2822 coepit,
778 2753 824 2800 ex
844 2754 915 2822 qua
928 2731 1074 2804 civitate
1205 2804 1208 2812 ,

113 2843 223 2940 legati
242 2841 288 2912 ad
305 2840 527 2911 deditionem
541 2857 741 2926 venerunt,
759 2840 1094 2944 Mundensesque,
1186 2845 1189 2852 ’

113 2951 183 3044 qui
204 2973 249 3020 ex
273 2949 439 3042 proelio
432 2973 469 3017 rn
496 2949 676 3042 oppidum
684 2948 952 3056 confugerant,
988 2976 1074 3034 cunr

115 3058 254 3130 diutius
266 3055 607 3142 circumsider'entur,
627 3057 837 3128 benemulti
849 3057 1074 3132 deditionem

114 3166 271 3252 sariunt,
304 3166 337 3238 8c
365 3154 524 3249 cunstss
520 3185 581 3264 ent
602 3165 640 3238 in
672 3167 850 3263 legionem
873 3167 1082 3254 distributi,

114 3276 336 3350 coniurant
327 3291 419 3346 inter
431 3276 465 3346 se
479 3327 490 3361 ,
502 3294 560 3346 ·ut
578 3271 689 3348 noslu
704 3277 801 3372 signo
821 3276 928 3365 dato,
958 3277 1075 3368 quiin

115 3387 259 3481 oppido
278 3383 443 3470 fuissent,
470 3375 697 3476 eruptionem
715 3384 897 3457 facerent:
926 3387 976 3456 illi
994 3411 1082 3459 cae·'

116 3495 257 3566 demin
280 3485 391 3564 castris
407 3487 702 3580 administrarent.
732 3495 829 3565 Haec
845 3521 883 3566 re
908 3498 1048 3594 cognita
1059 3527 1079 3585 ,ν

117 3599 321 3694 insequenti
335 3598 441 3674 nosle
466 3602 581 3706 vigilia
602 3604 725 3689 tertia,
748 3604 866 3676 tessera
887 3607 988 3693 data,
1012 3631 1073 3694 err·

28 3737 31 3746 ·
117 3730 173 3784 tra
195 3713 328 3782 vallum
358 3737 482 3784 omnes
501 3715 584 3784 sunt
605 3716 744 3785 concisi.
772 3715 985 3802 Carteienses
1006 3716 1073 3786 du-
1090 3720 1139 3807 37'

116 3845 196 3912 oet,
217 3822 309 3894 durn
331 3824 449 3895 Caesar
464 3825 502 3894 in
516 3825 645 3910 itinere
657 3826 795 3919 reliqua
810 3825 943 3920 oppida
957 3851 1078 3921 oppu·
1128 3853 1131 3858 ·
