2852 4578
392 351 830 482 Hrernnlunsr.
1027 379 1134 458 312·

138 519 191 597 lio
209 518 606 608 animadverterentur,
626 517 829 614 complures
851 537 898 588 ex
917 519 1017 612 equit
1034 519 1101 592 de·

138 627 362 702 scenderunt.
391 625 444 700 Ite
465 630 596 726 exiguo
617 645 784 726 tempore
805 650 914 719 eques
927 628 1101 722 pedestre,

139 736 251 830 pedes
273 735 432 830 equestre
457 737 639 831 proelium
666 735 779 808 facere
804 735 950 830 coepit,
985 761 1101 831 usque

138 869 198 934 eo,
217 863 260 920 ut
273 849 416 920 caedem
434 848 597 942 proxime
615 872 634 918 a
652 849 746 919 vallo
767 845 924 918 fecerint.
964 848 1008 920 In
1025 871 1103 941 quo

138 957 281 1053 proelio
306 955 583 1028 adversariorum
608 952 815 1066 ceciderunt
832 974 977 1043 cxxur,
1003 981 1103 1028 com

137 1069 335 1190 pluresque
355 1065 457 1138 armis
476 1064 600 1152 exuti,
626 1035 734 1136 multi
756 1065 963 1138 vulneribus
988 1063 1104 1142 asterii

139 1176 179 1260 in
193 1177 299 1248 castra
316 1177 398 1246 sunt
414 1171 564 1250 redutii:
590 1173 697 1250 nostri
715 1171 1002 1260 cecideruntu13
1025 1177 1154 1249 seu·

135 1285 185 1356 cii
209 1304 267 1356 x11
290 1283 454 1377 pedites,
480 1283 617 1375 equites
632 1302 671 1356 v.
703 1282 787 1354 Eius
809 1282 880 1354 diei
901 1285 1104 1379 insequenti

139 1408 307 1518 tempore
324 1445 338 1481 ,
357 1392 500 1487 pristina
520 1392 784 1470 consuetudine
811 1418 880 1489 pro
902 1418 1008 1468 muro
1031 1421 1105 1491 pu·

138 1505 247 1600 gnari
263 1520 435 1596 coeptum
454 1501 512 1574 est.
536 1501 637 1575 Cum·
645 1501 741 1575 bene
755 1525 950 1602 magnam
936 1509 1105 1596 multitu

137 1612 268 1688 dinem
289 1613 476 1684 telorum
467 1634 663 1708 ignemque
680 1612 804 1684 nostrie
822 1613 1104 1690 defendentibus

110 1735 112 1738 ’
137 1719 353 1806 lomensem,
374 1715 578 1790 nefandum
598 1707 948 1813 crudelissimumque
969 1721 1117 1796 facinus
1224 1753 1227 1760 ’

137 1825 226 1906 sunt
244 1827 432 1928 aggressi,
423 1853 461 1899 ιιι
482 1823 750 1920 conspeiiuque
775 1831 893 1902 nostro
918 1831 1103 1926 hospites,

139 1940 208 2032 qui
229 1939 267 2010 in
287 1940 425 2034 oppido
439 1955 556 2025 erant,
572 1937 751 2036 iugulare,
772 1939 805 2011 8c
819 1939 864 2010 de
877 1966 983 2012 muro
999 1969 1104 2038 prae„

138 2050 266 2142 cipites
284 2053 426 2120 mittere
441 2066 662 2141 coeperunt,
682 2047 783 2119 ficuti
805 2049 903 2142 apud
917 2050 1103 2124 barbaros:
1161 2104 1166 2114 ·

139 2156 249 2248 quod
273 2157 352 2249 post
377 2153 568 2232 hominurn
599 2157 809 2226 memoriam
838 2177 1025 2250 nunquam
1056 2161 1104 2232 est
1211 2223 1216 2238 ,

139 2256 288 2344 fotium.
315 2262 432 2338 Huius
453 2261 524 2338 diei
542 2277 704 2334 extremo
727 2277 889 2354 tempore
911 2287 930 2332 a
952 2266 1106 2361 Pompe·
1125 2273 1170 2347 16

139 2371 232 2444 ienis
253 2375 344 2452 clam
362 2373 446 2464 [ad]
471 2371 605 2450 nostros
623 2373 823 2447 tabellarius
843 2373 890 2460 eii¹
904 2373 1042 2467 missus,
1063 2399 1106 2453 ut
1179 2363 1210 2468 ἱ,

140 2508 186 2558 ea
205 2479 313 2558 noue
330 2501 442 2558 turres
462 2506 701 2580 aggeremque
720 2460 971 2575 inceirderent,
988 2489 1108 2562 &ter

139 2595 208 2668 tia
203 2594 335 2692 vigilia
360 2594 588 2686 eruptionem
613 2591 777 2667 facerent.
826 2593 913 2664 lte
904 2618 1009 2694 igne
1004 2601 1107 2676 teio-

139 2726 302 2796 rumque
324 2701 561 2784 multitudine
584 2696 691 2786 iada,
714 2715 798 2774 erun
820 2702 916 2779 bene
937 2699 1103 2805 maguum

138 2833 283 2921 partem
308 2814 401 2886 muri
425 2811 705 2900 consumment,
722 2829 884 2904 portam,
908 2837 1002 2908 quae
1016 2843 1036 2888 e
1051 2843 1105 2890 re·

137 2927 252 3022 gione
273 2925 306 2995 8<
327 2916 364 2994 in
384 2915 573 3014 conspeetu
587 2920 752 3012 Pompeii
772 2921 960 2995 castrorum
975 2924 1104 3016 ferierat,

32 3035 34 3042 ’
138 3051 384 3131 operuerunt,
410 3033 607 3127 copiaeque
634 3047 731 3102 totae
755 3033 982 3124 eruptionem
1008 3035 1103 3108 fece*
1206 3105 1210 3114 ,

138 3137 259 3233 ιιιιιιρ
291 3146 485 3237 secumque
517 3146 725 3216 extulerunt
754 3145 896 3242 calcatus
928 3145 973 3216 ad
1004 3147 1103 3220 foliae

138 3254 397 3350 complendas,
423 3253 695 3356 &harpagones
717 3253 762 3324 ad
783 3253 889 3341 casas,
914 3280 1007 3347 quae
1023 3258 1104 3331 stra.

139 3369 334 3444 mentitioe
350 3368 395 3438 ab
421 3367 544 3438 nostris
564 3367 798 3445 hibernorum
813 3367 918 3436 'causa
939 3365 1102 3441 aedifica?-

140 3494 223 3564 r'ao
231 3495 372 3564 erant,
398 3477 635 3551 diruendas&
646 3472 918 3562 incendendas,
949 3496 1102 3570 praetor·

140 3611 188 3668 ee
206 3605 397 3683 argentum·
421 3586 451 3658 Sc
476 3585 703 3672 vestimenta,
733 3601 794 3672 ut,
815 3584 903 3656 dum
927 3586 1070 3655 nostri'
1062 3609 1100 3655 rn

139 3697 275 3791 praeda
296 3695 561 3783 detinerentur,
581 3696 651 3792 illi,
660 3695 782 3770 ,caede
802 3692 910 3782 faeie,
937 3697 985 3775 ad
1000 3719 1100 3788 pree·

139 3801 230 3910 ίιάιι
252 3803 413 3913 Pompeii
434 3805 470 3879 se
491 3805 711 3900 reciperent.
725 3811 837 3896 nom,
844 3806 958 3901 quod
985 3805 1104 3877 existi
