<?xml version="1.0" encoding="UTF-8"?>
<!DOCTYPE html PUBLIC "-//W3C//DTD XHTML 1.0 Transitional//EN"
    "http://www.w3.org/TR/xhtml1/DTD/xhtml1-transitional.dtd">
<html xmlns="http://www.w3.org/1999/xhtml" xml:lang="en" lang="en">
 <head>
  <title>
</title>
<meta http-equiv="Content-Type" content="text/html;charset=utf-8" />
  <meta name='ocr-system' content='tesseract 3.04.00' />
  <meta name='ocr-capabilities' content='ocr_page ocr_carea ocr_par ocr_line ocrx_word'/>
</head>
<body>
  <div class='ocr_page' id='page_1' title='image "./ciuliicaesarisd01bipogoog_0247.png"; bbox 0 0 2876 4572; ppageno 0'>
   <div class='ocr_carea' id='block_1_1' title="bbox 273 351 1430 3904">
    <p class='ocr_par' dir='ltr' id='par_1_1' title="bbox 273 351 1430 3904">
     <span class='ocr_line' id='line_1_1' title="bbox 323 351 1005 456; baseline 0.001 -29"><span class='ocrx_word' id='word_1_1' title='bbox 323 359 413 456; x_wconf 60' lang='lat'>2282</span> <span class='ocrx_word' id='word_1_2' title='bbox 610 351 647 426; x_wconf 92' lang='lat' dir='ltr'><strong>D</strong></span> <span class='ocrx_word' id='word_1_3' title='bbox 670 355 702 428; x_wconf 87' lang='lat' dir='ltr'><strong>E</strong></span> <span class='ocrx_word' id='word_1_4' title='bbox 748 353 779 426; x_wconf 92' lang='lat' dir='ltr'>B</span> <span class='ocrx_word' id='word_1_5' title='bbox 802 355 834 428; x_wconf 91' lang='lat' dir='ltr'>E</span> <span class='ocrx_word' id='word_1_6' title='bbox 857 354 889 427; x_wconf 91' lang='lat' dir='ltr'>L</span> <span class='ocrx_word' id='word_1_7' title='bbox 911 353 944 426; x_wconf 94' lang='lat' dir='ltr'>L</span> <span class='ocrx_word' id='word_1_8' title='bbox 966 357 1005 428; x_wconf 89' lang='grc'>0</span> 
     </span>
     <span class='ocr_line' id='line_1_2' title="bbox 323 498 1309 612; baseline 0 -20"><span class='ocrx_word' id='word_1_9' title='bbox 323 517 366 592; x_wconf 87' lang='lat' dir='ltr'>in</span> <span class='ocrx_word' id='word_1_10' title='bbox 394 515 469 590; x_wconf 79' lang='lat' dir='ltr'>dier</span> <span class='ocrx_word' id='word_1_11' title='bbox 498 517 678 610; x_wconf 77' lang='lat' dir='ltr'>horasque</span> <span class='ocrx_word' id='word_1_12' title='bbox 706 519 817 610; x_wconf 89' lang='lat' dir='ltr'>parati</span> <span class='ocrx_word' id='word_1_13' title='bbox 849 498 967 590; x_wconf 77' lang='lat' dir='ltr'>allent</span> <span class='ocrx_word' id='word_1_14' title='bbox 1007 517 1140 590; x_wconf 84' lang='lat' dir='ltr'>Incidit</span> <span class='ocrx_word' id='word_1_15' title='bbox 1163 509 1309 612; x_wconf 80' lang='lat' dir='ltr'>perid</span> 
     </span>
     <span class='ocr_line' id='line_1_3' title="bbox 321 621 1430 725; baseline -0.013 -21"><span class='ocrx_word' id='word_1_16' title='bbox 321 647 489 724; x_wconf 70' lang='lat' dir='ltr'>tempus,</span> <span class='ocrx_word' id='word_1_17' title='bbox 513 644 558 700; x_wconf 91' lang='lat' dir='ltr'>ut</span> <span class='ocrx_word' id='word_1_18' title='bbox 571 627 793 721; x_wconf 75' lang='lat' dir='ltr'>tempestates</span> <span class='ocrx_word' id='word_1_19' title='bbox 810 627 856 696; x_wconf 93' lang='lat' dir='ltr'>ad</span> <span class='ocrx_word' id='word_1_20' title='bbox 879 627 1124 725; x_wconf 85' lang='lat' dir='ltr'>navigandum</span> <span class='ocrx_word' id='word_1_21' title='bbox 1145 621 1310 698; x_wconf 79' lang='lat' dir='ltr'>idoneas&#39;</span> <span class='ocrx_word' id='word_1_22' title='bbox 1429 679 1430 690; x_wconf 70' lang='grc'>,</span> 
     </span>
     <span class='ocr_line' id='line_1_4' title="bbox 320 737 1294 824; baseline 0 -10"><span class='ocrx_word' id='word_1_23' title='bbox 320 763 402 814; x_wconf 87' lang='lat' dir='ltr'>non</span> <span class='ocrx_word' id='word_1_24' title='bbox 436 738 582 812; x_wconf 83' lang='lat' dir='ltr'>haberet</span> <span class='ocrx_word' id='word_1_25' title='bbox 593 764 615 824; x_wconf 68' lang='grc' dir='ltr'>ς,</span> <span class='ocrx_word' id='word_1_26' title='bbox 639 737 764 808; x_wconf 82' lang='lat' dir='ltr'>nihilo.</span> <span class='ocrx_word' id='word_1_27' title='bbox 780 739 1051 811; x_wconf 84' lang='lat' dir='ltr'>tamen-minor</span> <span class='ocrx_word' id='word_1_28' title='bbox 1076 739 1117 808; x_wconf 90' lang='lat' dir='ltr'>iu</span> <span class='ocrx_word' id='word_1_29' title='bbox 1137 740 1294 814; x_wconf 83' lang='lat' dir='ltr'>navibut</span> 
     </span>
     <span class='ocr_line' id='line_1_5' title="bbox 322 831 1293 947; baseline -0.008 -24"><span class='ocrx_word' id='word_1_30' title='bbox 322 831 688 947; x_wconf 68' lang='lat' dir='ltr'>remigedniifite&#39;sque</span> <span class='ocrx_word' id='word_1_31' title='bbox 709 837 895 916; x_wconf 85' lang='lat' dir='ltr'>continere</span> <span class='ocrx_word' id='word_1_32' title='bbox 903 843 963 932; x_wconf 68' lang='lat' dir='ltr'>,dc</span> <span class='ocrx_word' id='word_1_33' title='bbox 976 845 1113 932; x_wconf 82' lang='lat' dir='ltr'>nullam</span> <span class='ocrx_word' id='word_1_34' title='bbox 1133 845 1293 938; x_wconf 80' lang='lat' dir='ltr'>praeter·</span> 
     </span>
     <span class='ocr_line' id='line_1_6' title="bbox 324 950 1291 1081; baseline -0.007 -47"><span class='ocrx_word' id='word_1_35' title='bbox 324 964 468 1036; x_wconf 87' lang='lat' dir='ltr'>mittere</span> <span class='ocrx_word' id='word_1_36' title='bbox 481 959 699 1031; x_wconf 83' lang='lat' dir='ltr'>occafionem</span> <span class='ocrx_word' id='word_1_37' title='bbox 711 950 959 1081; x_wconf 69' lang='lat' dir='ltr'>profedlionis5</span> <span class='ocrx_word' id='word_1_38' title='bbox 981 980 1065 1027; x_wconf 92' lang='lat' dir='ltr'>cum</span> <span class='ocrx_word' id='word_1_39' title='bbox 1086 957 1291 1049; x_wconf 75' lang='lat' dir='ltr'>praelectim</span> 
     </span>
     <span class='ocr_line' id='line_1_7' title="bbox 273 1065 1293 1160; baseline -0.009 -15"><span class='ocrx_word' id='word_1_40' title='bbox 273 1135 277 1144; x_wconf 93' lang='lat'>.</span> <span class='ocrx_word' id='word_1_41' title='bbox 326 1070 373 1144; x_wconf 89' lang='lat' dir='ltr'>ab</span> <span class='ocrx_word' id='word_1_42' title='bbox 398 1069 522 1138; x_wconf 75' lang='lat' dir='ltr'>incolis</span> <span class='ocrx_word' id='word_1_43' title='bbox 547 1069 620 1138; x_wconf 82' lang='lat' dir='ltr'>eius</span> <span class='ocrx_word' id='word_1_44' title='bbox 639 1065 846 1160; x_wconf 87' lang='lat' dir='ltr'>provinciae</span> <span class='ocrx_word' id='word_1_45' title='bbox 863 1067 1114 1136; x_wconf 83' lang='lat' dir='ltr'>nuntiarentur</span> <span class='ocrx_word' id='word_1_46' title='bbox 1133 1065 1293 1136; x_wconf 73' lang='lat' dir='ltr'>adversa·</span> 
     </span>
     <span class='ocr_line' id='line_1_8' title="bbox 324 1144 1300 1299; baseline -0.011 -45"><span class='ocrx_word' id='word_1_47' title='bbox 324 1169 462 1299; x_wconf 79' lang='lat' dir='ltr'>ridrurp</span> <span class='ocrx_word' id='word_1_48' title='bbox 483 1175 632 1272; x_wconf 84' lang='lat' dir='ltr'>copiae,</span> <span class='ocrx_word' id='word_1_49' title='bbox 658 1175 838 1269; x_wconf 76' lang='lat' dir='ltr'>equitatus</span> <span class='ocrx_word' id='word_1_50' title='bbox 850 1175 1040 1278; x_wconf 78' lang='lat' dir='ltr'>infinitus,</span> <span class='ocrx_word' id='word_1_51' title='bbox 1055 1144 1219 1274; x_wconf 72' lang='lat' dir='ltr'>legionai</span> <span class='ocrx_word' id='word_1_52' title='bbox 1236 1175 1300 1244; x_wconf 58' lang='lat' dir='ltr'>re?-</span> 
     </span>
     <span class='ocr_line' id='line_1_9' title="bbox 284 1249 1301 1385; baseline -0.004 -29"><span class='ocrx_word' id='word_1_53' title='bbox 284 1291 289 1301; x_wconf 87' lang='lat'>&#39;</span> <span class='ocrx_word' id='word_1_54' title='bbox 324 1257 491 1385; x_wconf 81' lang='lat' dir='ltr'>giae1v‚</span> <span class='ocrx_word' id='word_1_55' title='bbox 525 1285 611 1357; x_wconf 86' lang='lat' dir='ltr'>levis</span> <span class='ocrx_word' id='word_1_56' title='bbox 637 1300 835 1355; x_wconf 87' lang='lat' dir='ltr'>armaturae</span> <span class='ocrx_word' id='word_1_57' title='bbox 857 1307 986 1380; x_wconf 90' lang='lat' dir='ltr'>magna</span> <span class='ocrx_word' id='word_1_58' title='bbox 1005 1283 1084 1369; x_wconf 79' lang='lat' dir='ltr'>vir,</span> <span class='ocrx_word' id='word_1_59' title='bbox 1096 1249 1301 1374; x_wconf 60' lang='lat' dir='ltr'>Scipioni?</span> 
     </span>
     <span class='ocr_line' id='line_1_10' title="bbox 325 1389 1292 1496; baseline -0.007 -27"><span class='ocrx_word' id='word_1_60' title='bbox 325 1395 484 1496; x_wconf 75' lang='lat' dir='ltr'>legiones</span> <span class='ocrx_word' id='word_1_61' title='bbox 501 1415 551 1483; x_wconf 81' lang='lat' dir='ltr'>x,</span> <span class='ocrx_word' id='word_1_62' title='bbox 572 1393 754 1488; x_wconf 82' lang='lat' dir='ltr'>elephanti</span> <span class='ocrx_word' id='word_1_63' title='bbox 774 1413 874 1480; x_wconf 70' lang='lat' dir='ltr'>exat,</span> <span class='ocrx_word' id='word_1_64' title='bbox 895 1391 1082 1484; x_wconf 73' lang='lat' dir='ltr'>cladesque</span> <span class='ocrx_word' id='word_1_65' title='bbox 1100 1389 1177 1462; x_wconf 85' lang='lat' dir='ltr'>elle</span> <span class='ocrx_word' id='word_1_66' title='bbox 1191 1409 1292 1462; x_wconf 71' lang='lat' dir='ltr'>corrr-</span> 
     </span>
     <span class='ocr_line' id='line_1_11' title="bbox 324 1501 1290 1610; baseline -0.002 -34"><span class='ocrx_word' id='word_1_67' title='bbox 324 1507 463 1603; x_wconf 80' lang='lat' dir='ltr'>plures:</span> <span class='ocrx_word' id='word_1_68' title='bbox 496 1522 619 1574; x_wconf 88' lang='lat' dir='ltr'>tamen</span> <span class='ocrx_word' id='word_1_69' title='bbox 640 1528 717 1574; x_wconf 90' lang='lat' dir='ltr'>non</span> <span class='ocrx_word' id='word_1_70' title='bbox 738 1503 1009 1588; x_wconf 77' lang='lat' dir='ltr'>deterrebatur,</span> <span class='ocrx_word' id='word_1_71' title='bbox 1039 1501 1290 1610; x_wconf 76' lang='lat' dir='ltr'>animoque&amp;</span> 
     </span>
     <span class='ocr_line' id='line_1_12' title="bbox 311 1601 1298 1714; baseline -0.003 -26"><span class='ocrx_word' id='word_1_72' title='bbox 311 1616 387 1714; x_wconf 71' lang='lat' dir='ltr'>,spe</span> <span class='ocrx_word' id='word_1_73' title='bbox 411 1612 629 1686; x_wconf 83' lang='lat' dir='ltr'>confidebat.</span> <span class='ocrx_word' id='word_1_74' title='bbox 658 1601 866 1685; x_wconf 82' lang='lat' dir='ltr'>interitum</span> <span class='ocrx_word' id='word_1_75' title='bbox 892 1614 968 1683; x_wconf 88' lang='lat' dir='ltr'>dies</span> <span class='ocrx_word' id='word_1_76' title='bbox 986 1613 1018 1684; x_wconf 85' lang='lat' dir='ltr'>8c</span> <span class='ocrx_word' id='word_1_77' title='bbox 1036 1637 1141 1684; x_wconf 87' lang='lat' dir='ltr'>naves</span> <span class='ocrx_word' id='word_1_78' title='bbox 1160 1615 1298 1711; x_wconf 82' lang='lat' dir='ltr'>longae.</span> 
     </span>
     <span class='ocr_line' id='line_1_13' title="bbox 323 1720 1291 1822; baseline 0 -28"><span class='ocrx_word' id='word_1_79' title='bbox 323 1723 514 1822; x_wconf 67' lang='lat' dir='ltr'>adaugeri,</span> <span class='ocrx_word' id='word_1_80' title='bbox 531 1720 752 1794; x_wconf 77' lang='lat' dir='ltr'>&amp;onerariae</span> <span class='ocrx_word' id='word_1_81' title='bbox 767 1726 970 1818; x_wconf 86' lang='lat' dir='ltr'>complures</span> <span class='ocrx_word' id='word_1_82' title='bbox 992 1723 1122 1794; x_wconf 83' lang='lat' dir='ltr'>eodem</span> <span class='ocrx_word' id='word_1_83' title='bbox 1139 1749 1291 1795; x_wconf 83' lang='lat' dir='ltr'>concur·</span> 
     </span>
     <span class='ocr_line' id='line_1_14' title="bbox 325 1833 1292 1930; baseline -0.001 -24"><span class='ocrx_word' id='word_1_84' title='bbox 325 1857 418 1922; x_wconf 77' lang='lat' dir='ltr'>aere,</span> <span class='ocrx_word' id='word_1_85' title='bbox 436 1833 468 1904; x_wconf 76' lang='lat' dir='ltr'>dc</span> <span class='ocrx_word' id='word_1_86' title='bbox 488 1834 645 1930; x_wconf 77' lang='lat' dir='ltr'>legiones</span> <span class='ocrx_word' id='word_1_87' title='bbox 664 1836 826 1906; x_wconf 88' lang='lat' dir='ltr'>tironum</span> <span class='ocrx_word' id='word_1_88' title='bbox 846 1836 1064 1922; x_wconf 89' lang='lat' dir='ltr'>convenire,</span> <span class='ocrx_word' id='word_1_89' title='bbox 1090 1836 1128 1904; x_wconf 90' lang='lat' dir='ltr'>in</span> <span class='ocrx_word' id='word_1_90' title='bbox 1154 1834 1207 1904; x_wconf 87' lang='lat' dir='ltr'>his</span> <span class='ocrx_word' id='word_1_91' title='bbox 1230 1857 1292 1905; x_wconf 85' lang='lat' dir='ltr'>ve-</span> 
     </span>
     <span class='ocr_line' id='line_1_15' title="bbox 287 1887 1295 2041; baseline -0.002 -25"><span class='ocrx_word' id='word_1_92' title='bbox 287 1957 445 2022; x_wconf 77' lang='lat' dir='ltr'>aterana</span> <span class='ocrx_word' id='word_1_93' title='bbox 457 1943 550 2041; x_wconf 82' lang='lat' dir='ltr'>legio</span> <span class='ocrx_word' id='word_1_94' title='bbox 573 1961 623 2030; x_wconf 86' lang='lat' dir='ltr'>V,</span> <span class='ocrx_word' id='word_1_95' title='bbox 645 1946 808 2037; x_wconf 88' lang='lat' dir='ltr'>equitum</span> <span class='ocrx_word' id='word_1_96' title='bbox 823 1944 870 2016; x_wconf 90' lang='lat' dir='ltr'>ad</span> <span class='ocrx_word' id='word_1_97' title='bbox 882 1943 957 2014; x_wconf 89' lang='lat' dir='ltr'>duo</span> <span class='ocrx_word' id='word_1_98' title='bbox 976 1887 1095 2015; x_wconf 87' lang='lat' dir='ltr'>millia.</span> <span class='ocrx_word' id='word_1_99' title='bbox 1126 1943 1295 2041; x_wconf 52' lang='lat' dir='ltr'>legioni*</span> 
     </span>
     <span class='ocr_line' id='line_1_16' title="bbox 326 2048 1300 2168; baseline -0.005 -42"><span class='ocrx_word' id='word_1_100' title='bbox 326 2053 396 2126; x_wconf 77' lang='lat' dir='ltr'>bus</span> <span class='ocrx_word' id='word_1_101' title='bbox 409 2048 562 2125; x_wconf 68' lang='lat' dir='ltr'>colledb&#39;e</span> <span class='ocrx_word' id='word_1_102' title='bbox 576 2071 632 2141; x_wconf 86' lang='lat' dir='ltr'>vl,</span> <span class='ocrx_word' id='word_1_103' title='bbox 658 2053 689 2124; x_wconf 73' lang='lat' dir='ltr'>dc</span> <span class='ocrx_word' id='word_1_104' title='bbox 705 2055 872 2147; x_wconf 88' lang='lat' dir='ltr'>equiturn</span> <span class='ocrx_word' id='word_1_105' title='bbox 890 2071 920 2122; x_wconf 88' lang='lat'>11</span> <span class='ocrx_word' id='word_1_106' title='bbox 933 2051 1112 2138; x_wconf 85' lang='lat' dir='ltr'>millibus,</span> <span class='ocrx_word' id='word_1_107' title='bbox 1128 2069 1169 2124; x_wconf 91' lang='lat' dir='ltr'>ut</span> <span class='ocrx_word' id='word_1_108' title='bbox 1183 2063 1300 2168; x_wconf 68' lang='lat' dir='ltr'>quae&#39;</span> 
     </span>
     <span class='ocr_line' id='line_1_17' title="bbox 326 2159 1292 2268; baseline -0.005 -29"><span class='ocrx_word' id='word_1_109' title='bbox 326 2187 400 2268; x_wconf 82' lang='lat' dir='ltr'>que</span> <span class='ocrx_word' id='word_1_110' title='bbox 424 2164 541 2260; x_wconf 85' lang='lat' dir='ltr'>prima&#39;</span> <span class='ocrx_word' id='word_1_111' title='bbox 563 2165 656 2266; x_wconf 82' lang='lat' dir='ltr'>legio</span> <span class='ocrx_word' id='word_1_112' title='bbox 681 2163 850 2254; x_wconf 83' lang='lat' dir='ltr'>venerat,</span> <span class='ocrx_word' id='word_1_113' title='bbox 876 2165 915 2236; x_wconf 91' lang='lat' dir='ltr'>in</span> <span class='ocrx_word' id='word_1_114' title='bbox 941 2187 1046 2236; x_wconf 86' lang='lat' dir='ltr'>naves</span> <span class='ocrx_word' id='word_1_115' title='bbox 1073 2166 1229 2260; x_wconf 83' lang='lat' dir='ltr'>longas</span> <span class='ocrx_word' id='word_1_116' title='bbox 1220 2159 1292 2234; x_wconf 81' lang='lat' dir='ltr'>rr&#39;n·</span> 
     </span>
     <span class='ocr_line' id='line_1_18' title="bbox 327 2251 1292 2372; baseline -0.004 -24"><span class='ocrx_word' id='word_1_117' title='bbox 327 2275 552 2372; x_wconf 85' lang='lat' dir='ltr'>ponebatur,</span> <span class='ocrx_word' id='word_1_118' title='bbox 568 2275 705 2370; x_wconf 83' lang='lat' dir='ltr'>equites</span> <span class='ocrx_word' id='word_1_119' title='bbox 719 2294 841 2350; x_wconf 88' lang='lat' dir='ltr'>autern</span> <span class='ocrx_word' id='word_1_120' title='bbox 855 2275 892 2346; x_wconf 94' lang='lat' dir='ltr'>in</span> <span class='ocrx_word' id='word_1_121' title='bbox 907 2275 1088 2346; x_wconf 80' lang='lat' dir='ltr'>onerarias</span> <span class='ocrx_word' id='word_1_122' title='bbox 1114 2271 1167 2344; x_wconf 90' lang='lat' dir='ltr'>Ita</span> <span class='ocrx_word' id='word_1_123' title='bbox 1183 2251 1292 2344; x_wconf 87' lang='lat' dir='ltr'>maio·</span> 
     </span>
     <span class='ocr_line' id='line_1_19' title="bbox 327 2367 1291 2478; baseline 0 -20"><span class='ocrx_word' id='word_1_124' title='bbox 327 2403 403 2458; x_wconf 76' lang='lat' dir='ltr'>tem</span> <span class='ocrx_word' id='word_1_125' title='bbox 398 2400 565 2478; x_wconf 88' lang='lat' dir='ltr'>partem</span> <span class='ocrx_word' id='word_1_126' title='bbox 579 2387 725 2456; x_wconf 85' lang='lat' dir='ltr'>navium</span> <span class='ocrx_word' id='word_1_127' title='bbox 740 2385 949 2456; x_wconf 77' lang='lat' dir='ltr'>antecedere</span> <span class='ocrx_word' id='word_1_128' title='bbox 968 2385 1073 2470; x_wconf 82' lang='lat' dir='ltr'>iuffit,</span> <span class='ocrx_word' id='word_1_129' title='bbox 1089 2381 1120 2454; x_wconf 75' lang='lat' dir='ltr'>dc</span> <span class='ocrx_word' id='word_1_130' title='bbox 1139 2367 1291 2458; x_wconf 83' lang='lat' dir='ltr'>insulam</span> 
     </span>
     <span class='ocr_line' id='line_1_20' title="bbox 327 2491 1293 2592; baseline 0.001 -28"><span class='ocrx_word' id='word_1_131' title='bbox 327 2510 452 2590; x_wconf 86' lang='lat' dir='ltr'>petere</span> <span class='ocrx_word' id='word_1_132' title='bbox 473 2491 725 2586; x_wconf 83' lang='lat' dir='ltr'>Aponianam,</span> <span class='ocrx_word' id='word_1_133' title='bbox 750 2519 845 2590; x_wconf 85' lang='lat' dir='ltr'>quae</span> <span class='ocrx_word' id='word_1_134' title='bbox 869 2517 946 2564; x_wconf 91' lang='lat' dir='ltr'>non</span> <span class='ocrx_word' id='word_1_135' title='bbox 971 2491 1132 2592; x_wconf 84' lang='lat' dir='ltr'>[longe]</span> <span class='ocrx_word' id='word_1_136' title='bbox 1157 2491 1293 2565; x_wconf 73' lang='lat' dir='ltr'>abella</span> 
     </span>
     <span class='ocr_line' id='line_1_21' title="bbox 317 2601 1303 2699; baseline -0.001 -23"><span class='ocrx_word' id='word_1_137' title='bbox 317 2601 509 2699; x_wconf 59' lang='lat' dir='ltr'>lilybaeo.</span> <span class='ocrx_word' id='word_1_138' title='bbox 545 2605 625 2696; x_wconf 88' lang='lat' dir='ltr'>lpse</span> <span class='ocrx_word' id='word_1_139' title='bbox 648 2627 773 2698; x_wconf 89' lang='lat' dir='ltr'>parum</span> <span class='ocrx_word' id='word_1_140' title='bbox 798 2619 1062 2688; x_wconf 90' lang='lat' dir='ltr'>commoratus,</span> <span class='ocrx_word' id='word_1_141' title='bbox 1084 2601 1181 2672; x_wconf 88' lang='lat' dir='ltr'>bona</span> <span class='ocrx_word' id='word_1_142' title='bbox 1205 2626 1303 2694; x_wconf 80' lang='lat' dir='ltr'>pau·</span> 
     </span>
     <span class='ocr_line' id='line_1_22' title="bbox 329 2699 1340 2806; baseline 0.002 -22"><span class='ocrx_word' id='word_1_143' title='bbox 329 2725 456 2784; x_wconf 79' lang='lat' dir='ltr'>tor&#39;urn</span> <span class='ocrx_word' id='word_1_144' title='bbox 480 2711 607 2784; x_wconf 86' lang='lat' dir='ltr'>vendit</span> <span class='ocrx_word' id='word_1_145' title='bbox 629 2711 794 2806; x_wconf 90' lang='lat' dir='ltr'>publice:</span> <span class='ocrx_word' id='word_1_146' title='bbox 829 2711 961 2782; x_wconf 88' lang='lat' dir='ltr'>deinde</span> <span class='ocrx_word' id='word_1_147' title='bbox 988 2699 1127 2782; x_wconf 83' lang='lat' dir='ltr'>Allieno</span> <span class='ocrx_word' id='word_1_148' title='bbox 1149 2725 1292 2806; x_wconf 82' lang='lat' dir='ltr'>praeto·</span> <span class='ocrx_word' id='word_1_149' title='bbox 1338 2779 1340 2786; x_wconf 92' lang='lat'>.</span> 
     </span>
     <span class='ocr_line' id='line_1_23' title="bbox 326 2810 1293 2912; baseline 0.001 -19"><span class='ocrx_word' id='word_1_150' title='bbox 326 2819 381 2907; x_wconf 82' lang='lat' dir='ltr'>ri,</span> <span class='ocrx_word' id='word_1_151' title='bbox 409 2817 474 2912; x_wconf 90' lang='lat' dir='ltr'>qui</span> <span class='ocrx_word' id='word_1_152' title='bbox 498 2815 649 2890; x_wconf 83' lang='lat' dir='ltr'>Siciliam</span> <span class='ocrx_word' id='word_1_153' title='bbox 679 2816 887 2905; x_wconf 81' lang='lat' dir='ltr'>obtinebat,</span> <span class='ocrx_word' id='word_1_154' title='bbox 919 2816 965 2888; x_wconf 90' lang='lat' dir='ltr'>de</span> <span class='ocrx_word' id='word_1_155' title='bbox 988 2815 1157 2888; x_wconf 83' lang='lat' dir='ltr'>omnibus</span> <span class='ocrx_word' id='word_1_156' title='bbox 1176 2810 1293 2894; x_wconf 71' lang='lat' dir='ltr'>rebus</span> 
     </span>
     <span class='ocr_line' id='line_1_24' title="bbox 328 2925 1291 3026; baseline -0.003 -27"><span class='ocrx_word' id='word_1_157' title='bbox 328 2925 515 3026; x_wconf 79' lang='lat' dir='ltr'>praecipit,</span> <span class='ocrx_word' id='word_1_158' title='bbox 535 2926 568 3002; x_wconf 86' lang='lat' dir='ltr'>8t</span> <span class='ocrx_word' id='word_1_159' title='bbox 586 2926 632 2998; x_wconf 89' lang='lat' dir='ltr'>de</span> <span class='ocrx_word' id='word_1_160' title='bbox 651 2927 793 3019; x_wconf 88' lang='lat' dir='ltr'>reliquo</span> <span class='ocrx_word' id='word_1_161' title='bbox 815 2925 971 2998; x_wconf 86' lang='lat' dir='ltr'>exercitu</span> <span class='ocrx_word' id='word_1_162' title='bbox 991 2927 1149 2996; x_wconf 84' lang='lat' dir='ltr'>celeriter</span> <span class='ocrx_word' id='word_1_163' title='bbox 1168 2925 1291 3019; x_wconf 82' lang='lat' dir='ltr'>impo-</span> 
     </span>
     <span class='ocr_line' id='line_1_25' title="bbox 299 3033 1288 3130; baseline -0.003 -18"><span class='ocrx_word' id='word_1_164' title='bbox 299 3057 312 3122; x_wconf 56' lang='grc' dir='ltr'>ι</span> <span class='ocrx_word' id='word_1_165' title='bbox 328 3035 463 3114; x_wconf 87' lang='lat' dir='ltr'>nendo.</span> <span class='ocrx_word' id='word_1_166' title='bbox 489 3036 587 3108; x_wconf 79' lang='lat' dir='ltr'>Datis</span> <span class='ocrx_word' id='word_1_167' title='bbox 606 3035 804 3124; x_wconf 76' lang='lat' dir='ltr'>mandatis,</span> <span class='ocrx_word' id='word_1_168' title='bbox 826 3033 899 3130; x_wconf 86' lang='lat' dir='ltr'>ipse</span> <span class='ocrx_word' id='word_1_169' title='bbox 924 3059 1052 3108; x_wconf 88' lang='lat' dir='ltr'>navem</span> <span class='ocrx_word' id='word_1_170' title='bbox 1079 3035 1288 3110; x_wconf 86' lang='lat' dir='ltr'>conscendit</span> 
     </span>
     <span class='ocr_line' id='line_1_26' title="bbox 328 3141 1292 3236; baseline -0.002 -16"><span class='ocrx_word' id='word_1_171' title='bbox 328 3173 359 3220; x_wconf 85' lang='lat' dir='ltr'>a.</span> <span class='ocrx_word' id='word_1_172' title='bbox 376 3147 409 3218; x_wconf 92' lang='lat' dir='ltr'>d.</span> <span class='ocrx_word' id='word_1_173' title='bbox 426 3164 481 3220; x_wconf 88' lang='lat' dir='ltr'>vr.</span> <span class='ocrx_word' id='word_1_174' title='bbox 493 3145 570 3219; x_wconf 90' lang='lat' dir='ltr'>Kal.</span> <span class='ocrx_word' id='word_1_175' title='bbox 591 3141 709 3218; x_wconf 79' lang='lat' dir='ltr'>Ian&amp;</span> <span class='ocrx_word' id='word_1_176' title='bbox 726 3143 880 3236; x_wconf 70' lang='lat' dir='ltr'>reliquae</span> <span class='ocrx_word' id='word_1_177' title='bbox 893 3169 997 3216; x_wconf 81' lang='lat' dir='ltr'>nares</span> <span class='ocrx_word' id='word_1_178' title='bbox 1010 3145 1123 3214; x_wconf 83' lang='lat' dir='ltr'>statim</span> <span class='ocrx_word' id='word_1_179' title='bbox 1142 3145 1191 3216; x_wconf 86' lang='lat' dir='ltr'>est</span> <span class='ocrx_word' id='word_1_180' title='bbox 1204 3167 1292 3218; x_wconf 89' lang='lat' dir='ltr'>con·</span> 
     </span>
     <span class='ocr_line' id='line_1_27' title="bbox 329 3247 1292 3350; baseline -0.001 -24"><span class='ocrx_word' id='word_1_181' title='bbox 329 3255 478 3328; x_wconf 79' lang='lat' dir='ltr'>secutus.</span> <span class='ocrx_word' id='word_1_182' title='bbox 523 3247 575 3324; x_wconf 80' lang='lat' dir='ltr'>Ita</span> <span class='ocrx_word' id='word_1_183' title='bbox 604 3269 721 3340; x_wconf 81' lang='lat' dir='ltr'>¹vento</span> <span class='ocrx_word' id='word_1_184' title='bbox 742 3272 840 3325; x_wconf 88' lang='lat' dir='ltr'>certo</span> <span class='ocrx_word' id='word_1_185' title='bbox 863 3254 1040 3345; x_wconf 89' lang='lat' dir='ltr'>celerique</span> <span class='ocrx_word' id='word_1_186' title='bbox 1063 3254 1205 3350; x_wconf 81' lang='lat' dir='ltr'>nauigio</span> <span class='ocrx_word' id='word_1_187' title='bbox 1228 3278 1292 3340; x_wconf 59' lang='lat' dir='ltr'>veu</span> 
     </span>
     <span class='ocr_line' id='line_1_28' title="bbox 330 3361 1292 3461; baseline -0.002 -23"><span class='ocrx_word' id='word_1_188' title='bbox 330 3361 428 3453; x_wconf 70' lang='lat' dir='ltr'>ctus,</span> <span class='ocrx_word' id='word_1_189' title='bbox 448 3363 528 3460; x_wconf 87' lang='lat' dir='ltr'>post</span> <span class='ocrx_word' id='word_1_190' title='bbox 549 3365 645 3438; x_wconf 86' lang='lat' dir='ltr'>diem</span> <span class='ocrx_word' id='word_1_191' title='bbox 668 3381 829 3457; x_wconf 86' lang='lat' dir='ltr'>quartam</span> <span class='ocrx_word' id='word_1_192' title='bbox 850 3388 934 3436; x_wconf 89' lang='lat' dir='ltr'>cum</span> <span class='ocrx_word' id='word_1_193' title='bbox 955 3365 1068 3461; x_wconf 86' lang='lat' dir='ltr'>longis</span> <span class='ocrx_word' id='word_1_194' title='bbox 1094 3365 1215 3458; x_wconf 89' lang='lat' dir='ltr'>paucis</span> <span class='ocrx_word' id='word_1_195' title='bbox 1229 3389 1292 3436; x_wconf 86' lang='lat' dir='ltr'>na·-</span> 
     </span>
     <span class='ocr_line' id='line_1_29' title="bbox 319 3471 1291 3570; baseline -0.003 -23"><span class='ocrx_word' id='word_1_196' title='bbox 319 3474 436 3547; x_wconf 75' lang='lat' dir='ltr'>&#39;t’ibus</span> <span class='ocrx_word' id='word_1_197' title='bbox 469 3477 506 3548; x_wconf 92' lang='lat' dir='ltr'>in</span> <span class='ocrx_word' id='word_1_198' title='bbox 549 3471 779 3570; x_wconf 74' lang='lat' dir='ltr'>conspedium</span> <span class='ocrx_word' id='word_1_199' title='bbox 809 3473 947 3547; x_wconf 86' lang='lat' dir='ltr'>Africae</span> <span class='ocrx_word' id='word_1_200' title='bbox 976 3476 1097 3546; x_wconf 90' lang='lat' dir='ltr'>veuit:</span> <span class='ocrx_word' id='word_1_201' title='bbox 1131 3495 1291 3566; x_wconf 86' lang='lat' dir='ltr'>namque</span> 
     </span>
     <span class='ocr_line' id='line_1_30' title="bbox 332 3583 1291 3682; baseline -0.01 -24"><span class='ocrx_word' id='word_1_202' title='bbox 332 3587 509 3659; x_wconf 87' lang='lat' dir='ltr'>onerariae</span> <span class='ocrx_word' id='word_1_203' title='bbox 535 3589 722 3682; x_wconf 87' lang='lat' dir='ltr'>reliquae,</span> <span class='ocrx_word' id='word_1_204' title='bbox 750 3604 889 3680; x_wconf 86' lang='lat' dir='ltr'>praeter</span> <span class='ocrx_word' id='word_1_205' title='bbox 911 3605 1037 3680; x_wconf 83' lang='lat' dir='ltr'>paucas</span> <span class='ocrx_word' id='word_1_206' title='bbox 1053 3584 1077 3672; x_wconf 61' lang='lat'>‚⁴</span> <span class='ocrx_word' id='word_1_207' title='bbox 1096 3605 1210 3656; x_wconf 87' lang='lat' dir='ltr'>vento</span> <span class='ocrx_word' id='word_1_208' title='bbox 1234 3583 1291 3654; x_wconf 86' lang='lat' dir='ltr'>di-</span> 
     </span>
     <span class='ocr_line' id='line_1_31' title="bbox 329 3693 1286 3791; baseline -0.002 -23"><span class='ocrx_word' id='word_1_209' title='bbox 329 3693 463 3788; x_wconf 78' lang='lat' dir='ltr'>spersae</span> <span class='ocrx_word' id='word_1_210' title='bbox 474 3712 583 3791; x_wconf 90' lang='lat' dir='ltr'>atque</span> <span class='ocrx_word' id='word_1_211' title='bbox 600 3696 838 3783; x_wconf 87' lang='lat' dir='ltr'>errabundae,</span> <span class='ocrx_word' id='word_1_212' title='bbox 854 3695 987 3768; x_wconf 86' lang='lat' dir='ltr'>diversa</span> <span class='ocrx_word' id='word_1_213' title='bbox 1003 3696 1079 3765; x_wconf 89' lang='lat' dir='ltr'>loca</span> <span class='ocrx_word' id='word_1_214' title='bbox 1094 3695 1286 3787; x_wconf 76' lang='lat' dir='ltr'>petierunt.</span> 
     </span>
     <span class='ocr_line' id='line_1_32' title="bbox 330 3804 1292 3904; baseline 0.004 -26"><span class='ocrx_word' id='word_1_215' title='bbox 330 3805 509 3904; x_wconf 83' lang='lat' dir='ltr'>Clupeam</span> <span class='ocrx_word' id='word_1_216' title='bbox 538 3804 637 3880; x_wconf 81' lang='lat' dir='ltr'>claffe</span> <span class='ocrx_word' id='word_1_217' title='bbox 658 3807 965 3904; x_wconf 81' lang='lat' dir='ltr'>praetervehittu,</span> <span class='ocrx_word' id='word_1_218' title='bbox 989 3805 1121 3880; x_wconf 86' lang='lat' dir='ltr'>deinde</span> <span class='ocrx_word' id='word_1_219' title='bbox 1143 3806 1292 3902; x_wconf 81' lang='lat' dir='ltr'>Neapo-</span> 
     </span>
    </p>
   </div>
   <div class='ocr_carea' id='block_1_2' title="bbox 0 0 1443 4572">
    <p class='ocr_par' dir='ltr' id='par_1_2' title="bbox 0 0 1443 4572">
     <span class='ocr_line' id='line_1_33' title="bbox 0 0 1443 4572; baseline 0 0"><span class='ocrx_word' id='word_1_220' title='bbox 0 0 1443 4572; x_wconf 95' lang='lat' dir='ltr'> </span> 
     </span>
    </p>
   </div>
  </div>
 </body>
</html>
