2876 4572
410 355 894 432 arax-unorum.
1053 375 1134 459 ur,

86 526 90 536 '
154 513 372 594 «inundans
393 523 721 622 propugnatoribus
743 518 1001 593 animadvertit.
1018 520 1135 626 Quod
1163 529 1165 536 '

162 629 233 704 ubi
256 630 465 728 conspexit,
492 633 654 704 celeriter
671 634 751 704 vela
777 630 951 720 subduci,
971 631 1136 703 demitti-

162 767 243 838 que
265 741 436 818 antennas
459 745 637 833 iubet‚8c
664 745 793 818 milites
816 743 964 815 armari:
993 741 1046 832 δέ,
1074 767 1134 814 ve·

158 855 258 927 atillo
277 855 439 944 sublato,
454 880 533 948 quo
548 855 735 955 pugnandi
754 854 861 928 dabat
875 855 1026 954 signum,
1041 877 1134 948 quae

154 962 305 1056 ,primae
324 987 433 1038 naves
445 963 772 1057 subsequebantur,
794 963 893 1036 idem
912 961 1134 1051 utfacerent,

156 1071 394 1170 significabat.
420 1072 646 1150 Parabantur
666 1059 867 1160 Vatiniaui,
892 1087 1134 1166 repentepp-

157 1181 293 1276 preffi:
318 1183 429 1276 parati
448 1181 615 1276 deinceps
638 1176 825 1254 octaviani
851 1205 897 1251 ex
919 1197 1028 1278 portu
1048 1203 1135 1274 pro-
1178 1247 1183 1256 .

43 1349 46 1362 .
84 1352 90 1358 .
154 1291 356 1366 cedebant.
379 1293 567 1370 Instruitur
586 1294 771 1385 utriunque
789 1293 901 1370 aciesr
892 1289 1047 1361 ·ordine
1062 1289 1136 1362 dis-

24 1391 27 1400 ¹
163 1404 283 1501 pofita
303 1405 411 1502 magis
426 1399 636 1493 octaviana,
661 1401 834 1498 paratior
830 1403 992 1474 militum
1007 1400 1134 1474 animis

165 1511 369 1586 Vatiniana.
402 1513 592 1604 Vatinius,
610 1539 696 1586 cum
720 1513 884 1586 animum
908 1503 1132 1599 adverteret,
1151 1519 1265 1614 46

124 1655 128 1658 ·
165 1645 292 1718 neque
311 1624 459 1698 navium
485 1626 520 1699 se
543 1624 810 1724 magnitudine,
833 1645 955 1716 neque
981 1645 1134 1694 numero

165 1759 293 1828 parem
313 1733 402 1824 effe,
420 1735 587 1810 fortuitae
605 1734 843 1812 dimicationis
866 1731 1031 1804 fortunae
1056 1757 1135 1806 rem

157 1850 399 1921 committere
424 1849 564 1944 maluit.
604 1846 733 1940 Itaque
768 1848 904 1942 primus
931 1847 993 1918 sua
1026 1847 1135 1940 quin-

43 2031 45 2034 .
166 1959 337 2052 queremi
364 1961 402 2030 in
426 1956 691 2050 quadriremem
720 1953 826 2048 ipiius
854 1949 995 2026 Octavii
1018 1956 1136 2048 impe-

167 2087 252 2161 tum
284 2070 379 2142 fecit.
417 2068 611 2138 Celerrime
642 2065 898 2160 fortiisuueque
925 2082 1047 2136 contra
1066 2063 1135 2136 ilio

166 2179 394 2276 remigante,
428 2189 534 2249 nav'es
570 2176 731 2270 adversae
765 2176 879 2246 rostris
915 2196 1136 2247 concurrunt

167 2288 264 2362 adeo
287 2285 542 2372 vehementer,
568 2299 610 2356 ut
642 2285 751 2356 navis'
773 2279 991 2370 octaviana,
1023 2281 1136 2352 rostro

160 2395 345 2486 ‹discuii0,
373 2395 471 2494 ligno
484 2394 746 2468 contineretur.
777 2391 1028 2466 Committitur
1050 2383 1137 2464 acri

112 2519 115 2526 '
155 2522 226 2583 ,ter
250 2507 406 2611 reliquis
419 2505 505 2582 locis
528 2505 736 2600 proelium,
763 2505 1062 2600 consumiturque
1088 2501 1140 2576 ad

160 2615 279 2706 duces
308 2616 488 2688 maxime:
515 2629 602 2688 nam
632 2639 718 2688 cum
746 2615 816 2688 suo
848 2615 1026 2709 quisque
1021 2614 1135 2690 auri-

166 2729 261 2800 lium
282 2728 409 2816 ferret,
425 2753 609 2824 magnum
633 2728 811 2800 cominus
819 2728 858 2798 in
883 2728 1030 2824 angusto
1058 2753 1140 2824 mas
1187 2714 1189 2722 ’

166 2837 199 2912 ri
230 2841 410 2933 proelium
435 2833 568 2912 fadum
594 2838 663 2908 est:
700 2856 911 2931 quantoque
936 2835 1134 2911 toniundiis

82 2975 86 2983 ·
169 2950 282 3047 magis
319 2948 468 3020 navibus
507 2947 727 3046 confligendi
765 2947 915 3043 potestas
953 2947 1132 3042 dabatur,

153 3077 273 3132 tanto
300 3059 495 3153 ‘superiores
530 3075 629 3130 eraut
655 3057 877 3144 ‚Vatiniani3
916 3059 999 3150 ¹qui,¹
1015 3058 1132 3131 admi·
1201 3116 1204 3121 .

168 3167 284 3240 rande
309 3166 442 3261 virtute
473 3191 518 3236 ex
547 3165 614 3236 suis
641 3166 793 3268 ppvibus
818 3167 857 3238 iu
885 3165 1038 3267 hostium
1065 3189 1133 3241 tte-

160 3303 231 3350 ·ves
245 3275 415 3366 tranfilire
429 3299 505 3352 nnn
515 3273 750 3361 dubitabant,
764 3275 796 3350 8c
810 3327 821 3362 ,
836 3273 1068 3348 dimicatione
1079 3302 1133 3350 ae·
1167 3346 1175 3362 ,
1256 3321 1258 3326 -

94 3373 104 3400 “
151 3405 299 3482 quara,
315 3388 420 3482 longe
436 3385 631 3479 superiores
643 3387 778 3458 virtute
792 3437 803 3474 ,
815 3411 892 3458 rem
907 3382 1131 3488 ieiicitesrge·

168 3494 308 3574 rebant.
335 3492 559 3588 Deprimitur
583 3494 689 3587 ipsrus
711 3489 852 3566 octavii
877 3499 1132 3590 quadriremisr
1178 3521 1187 3546 ⁸

170 3606 307 3695 mult-ae
324 3621 501 3696 praeterea
520 3606 732 3699 capiuntur,
758 3623 820 3680 aut
841 3609 955 3680 rostris
973 3613 1130 3704 perfora·

161 3731 229 3786 -tae
243 3734 468 3811 merguntur:
494 3732 777 3839 propugnatores
796 3713 984 3790 Odiaviani
998 3720 1128 3813 partim

154 3824 211 3902 ,ιιι
235 3821 387 3932 nasibus
404 3827 636 3948 iugulantur,
660 3825 792 3926 partim
816 3827 971 4009 inomare
994 3827 1128 3922 praeci«

912 3947 938 4024 3
