2876 4572
2 3759 4 3876 l

468 335 698 414 mse-n
744 336 834 410 111.
910 407 914 413 ,
991 305 996 313 ’
1061 285 1140 432 ἷΜ

167 499 388 596 plerunque
413 496 449 569 in
470 483 632 570 novitate
649 497 741 570 fama
761 497 950 572 antecedit,
972 495 1135 586 Hiuiul.

171 610 210 680 lo
222 609 271 680 sn
291 609 372 678 loco
396 606 630 678 Macedoniae
650 624 827 695 moratus,
843 633 975 706 magno
994 611 1136 704 impetu

61 747 64 756 ’
170 716 361 788 contendit
386 715 433 788 ad
454 716 685 802 Domitium,
714 716 750 790 Sc
770 740 857 788 cum
886 717 932 788 ab
954 742 999 788 eo
1024 720 1141 818 milliav

170 825 336 921 palicium
356 844 409 896 xx
426 823 611 912 '‘abluiffet,
632 823 800 896 subitose
812 825 858 897 ad
874 825 1025 900 Ceffium
1040 827 1137 898 Lon·

170 933 298 1032 §num
326 933 365 1004 in
385 932 595 1007 Thessaliam
619 933 806 1007 convertit.
831 933 912 1006 Hoc
932 935 1023 1006 adeo
1043 937 1138 1010 cele·

91 1091 98 1106 ·
171 1043 255 1120 riter
281 1043 391 1133 fecit,
427 1061 468 1114 ut
491 1040 735 1118 [imuladelle
758 1041 931 1114 &venire
953 1044 1138 1116 nuntiare·
1220 1093 1222 1102 ι

170 1171 252 1228 tur:
278 1154 311 1228 8c
336 1179 413 1246 quo
439 1153 507 1226 iter
530 1153 734 1248 expeditius
759 1151 914 1240 faceret,
949 1153 1001 1224 M.
1022 1153 1137 1226 Favo-

170 1264 276 1336 nium
296 1263 341 1350 ad
364 1264 502 1336 flumen
522 1263 816 1350 Haliacmonem,
838 1264 941 1356 quod
962 1263 1136 1338 Macedo·
1174 1343 1181 1351 ,

169 1375 267 1448 niam
293 1399 313 1444 a
340 1373 512 1448 Thessalia
540 1375 690 1460 dividit,
714 1398 800 1448 cum
826 1374 1034 1446 cohortibus
1059 1393 1136 1448 vm
1181 1473 1182 1478 ἵ
1244 1406 1246 1414 ’

170 1489 342 1583 praesidio
360 1489 626 1584 impedimentis
641 1473 830 1586 legionum
846 1483 1003 1578 reliquit,
1021 1485 1135 1558 castel·

166 1601 322 1695 lemque
340 1602 391 1673 ibi
413 1603 547 1678 muniri
560 1602 662 1695 iuffit
688 1599 828 1674 Eodem
846 1617 1010 1692 tempore
1029 1599 1134 1692 equi-

168 1727 263 1782 tatus
285 1713 373 1809 regis
394 1713 504 1808 Cotys
522 1712 568 1784 ad
590 1713 694 1784 castra
715 1709 814 1782 Calli
833 1707 1033 1794 advolavit,
1067 1707 1134 1801 qui

167 1820 304 1892 circum
324 1819 532 1894 Thelialiam
553 1820 619 1894 elle
638 1821 879 1894 consueverat.
903 1818 1002 1888 Tum
1020 1817 1131 1890 timo·

168 1957 207 2003 ce
229 1933 435 2026 perterritus
456 1933 608 2020 Cellius,
628 1931 774 2028 cognito
800 1927 975 2020 Scipionis
997 1925 1131 1998 adven·

168 2059 237 2126 tu,
265 2041 413 2134 visuque
436 2039 642 2132 equitibus,
668 2062 759 2132 quos
785 2036 957 2128 Scipionis
984 2031 1057 2104 elle
1075 2058 1129 2104 ar·

166 2141 387 2234 bitrabattii,
408 2149 455 2218 ad
477 2165 617 2218 montes
636 2149 669 2218 le
690 2145 886 2231 convertit,
907 2144 972 2238 qui
987 2143 1130 2216 Thella-

166 2259 254 2332 liam
277 2259 450 2356 cingunt,
480 2274 590 2352 atque
622 2283 667 2358 esc
695 2258 751 2343 ,his
787 2257 872 2330 locis
901 2254 1126 2327 Ambraciam

164 2369 371 2467 versus-iter
388 2367 500 2440 facere
522 2369 652 2462 coepit.
680 2369 729 2440 At
747 2366 973 2462 Scipionem,
994 2390 1128 2459 propo·

163 2496 304 2552 tantem
326 2479 447 2572 sequi,
473 2479 594 2556 literae
614 2481 696 2552 sunt
718 2479 926 2552 consecutae
950 2503 969 2549 a
991 2479 1040 2566 M.
1060 2477 1126 2548 Fa·

133 2589 297 2677 'voni0,
327 2590 532 2662 Domitium
558 2615 643 2664 cum
675 2579 876 2688 legionibus
902 2587 1036 2676 adeffe,
1062 2611 1125 2658 ne·
1242 2621 1245 2628 v

163 2719 237 2791 que
261 2697 295 2769 se
320 2699 557 2792 praesidium,
585 2701 649 2774 ubi
677 2700 886 2772 constitutus
914 2697 1123 2786 ellet,s1ne

161 2809 296 2880 auxilio
316 2807 488 2902 Scipionis
512 2825 634 2882 tenere
653 2810 759 2904 polle.
787 2811 931 2918 Quibus
946 2811 1050 2880 literis
1064 2835 1119 2882 ac·

162 2919 294 3010 ceptis,
317 2921 503 2992 confilium
517 2920 637 3014 Scipio
658 2924 798 3017 iterque
811 2941 1026 3007 commotam
1042 2922 1120 2995 Cas·

160 3027 252 3098 lium
271 3028 371 3121 sequi
394 3032 538 3118 definit,
560 3031 718 3104 Favonio
735 3033 908 3106 auxilium
926 3031 1016 3104 fene
1030 3057 1120 3106 cou-

161 3137 288 3207 tendit.
318 3139 467 3240 ltaque,
498 3142 556 3212 die
580 3167 619 3212 ac
643 3137 982 3214 nolle.continuato
1011 3142 1119 3214 itine-

160 3269 218 3334 re,
240 3247 285 3318 ed
311 3271 395 3320 eum
419 3253 606 3340 pervenit,
639 3267 711 3322 tam
737 3272 946 3346 opportuno
972 3271 1124 3348 tempo-.
1176 3309 1181 3314 -

159 3377 220 3442 re,
248 3373 289 3426 ut
322 3357 426 3429 simul
448 3358 647 3432 Domitiani
681 3362 853 3434 exercitus
888 3363 1004 3455 pulvis
1039 3387 1137 3454 cen

88 3527 90 3535 .
159 3457 324 3554 necetur,
359 3469 401 3538 8c1
425 3471 532 3564 primi
554 3472 789 3544 antecuslotes
814 3471 988 3566 Scipionis
1012 3473 1140 3546 vides·

158 3593 291 3646 centur.
332 3577 384 3652 lta
408 3579 518 3652 Gallio
546 3580 713 3651 industria
737 3581 914 3669 Domitii,
953 3583 1110 3655 Favonio

157 3682 342 3778 Scipionis
354 3689 508 3762 celeritas
535 3691 684 3764 salutem
707 3693 837 3764 attulit.
875 3690 1026 3786 Scipio,
1053 3691 1111 3761 bi·
1128 3705 1176 3784 37

153 3795 275 3874 esum
299 3798 559 3878 coibis-stativis
580 3823 738 3882 moratus
751 3805 805 3880 ad
821 3804 979 3897 flumen,
1004 3803 1114 3900 quod
