2858 4572
216 468 219 476 Ι
295 369 349 484 ’ρο
417 306 457 359 ⁵
509 367 1040 450 uerruuoxcrvnr

295 547 411 621 Ilm&
435 532 520 622 ubi,
544 548 723 627 qtuntum
749 533 934 608 storiarum
964 521 1124 632 deurillio
1145 511 1258 628 paries

87 719 89 736 ,
173 695 184 706 -
298 643 429 730 batur,
452 649 596 716 tantum
618 642 814 714 elevabant.
834 644 932 716 Intra
951 645 1037 716 haec
1066 643 1267 742 tegimenta·

218 779 223 790 ·
295 753 419 857 abditi
445 769 555 846 atque
577 753 717 848 muniti·
727 747 878 848 parietes
909 756 1077 828 lateribus
1102 755 1258 830 exstrue·

293 865 412 956 bant,
444 865 633 959 rursusque
658 865 723 936 alia
743 865 976 958 prehenfione
1001 866 1049 937 ad
1072 864 1258 936 aedifican-

249 983 256 996 '
292 973 393 1047 dum
410 973 474 1044 fibi
497 975 621 1047 locum
638 972 887 1064 expediebant.
920 972 992 1052 Ubi
1013 987 1154 1066 tempus
1174 962 1260 1044 alte·

291 1085 376 1180 ,rius
392 1078 690 1158 contabulationis
706 1081 917 1168 videbatur,
958 1080 1055 1180 tigna
1082 1082 1190 1169 item,
1213 1095 1258 1154 ut

294 1193 447 1288 primo,
483 1188 575 1264 tella
606 1191 771 1268 extremis
803 1193 972 1262 lateribus
1009 1191 1257 1284 instruebant,

125 1327 128 1338 ⁴
248 1353 250 1356 -
292 1325 424 1394 arxque
441 1327 480 1372 ea
506 1301 773 1398 contignatione
799 1300 913 1372 rursus
934 1301 1110 1386 summam
1132 1319 1258 1375 conta·-

291 1415 525 1488 -bulationem
544 1414 736 1507 storiasque
757 1403 952 1485 elevabant.
975 1415 1027 1486 lta
1049 1423 1132 1486 tuto
1152 1440 1192 1488 ac
1214 1414 1257 1489 lr-

295 1548 350 1598 ne
363 1526 440 1598 ullo
460 1525 661 1597 vulnereac
685 1523 846 1618 periculo
865 1524 925 1594 sex
947 1523 1105 1597 tabulata
1127 1525 1258 1598 exstru-

215 1663 219 1676 ’
295 1652 455 1722 xerunt,
483 1633 738 1726 fenestrasque,
759 1634 891 1726 quibus
908 1634 947 1703 in
960 1633 1046 1704 locis
1060 1633 1175 1706 visum
1189 1635 1262 1722 est,¹

294 1745 347 1817 ad
365 1761 544 1816 tormenta
565 1743 742 1816 mittenda
770 1744 809 1814 in
834 1743 1001 1817 struendo
1021 1742 1253 1837 reliquerunt.

238 1852 373 1936 groubi
387 1877 432 1923 ex
454 1878 494 1924 ea
504 1853 610 1941 turri,
634 1876 727 1946 quae
742 1838 879 1930 circum
894 1849 1022 1937 ellent,
1043 1873 1150 1944 opera
1163 1847 1255 1920 tueri

294 1963 337 2034 -se
354 1960 454 2056 polle
478 1961 599 2034 confisi
623 1961 727 2047 lunt3
753 1961 954 2034 musculum
975 1959 1084 2054 pedes
1110 1979 1160 2033 Lx
1180 1962 1256 2032 lon·

298 2097 407 2172 gum,
428 2097 473 2144 ex
501 2074 644 2144 materia
678 2067 857 2170 bipedali,
885 2097 996 2167 quem
1017 2098 1038 2143 a
1059 2074 1147 2144 turri
1171 2076 1256 2144 late·

297 2184 380 2257 ritia
402 2184 451 2263 ad
466 2183 619 2256 hostium
634 2183 759 2254 turrim
771 2181 991 2276 murumque
1002 2183 1253 2288 perducerent,

203 2313 205 2318 ’
257 2359 261 2370 .
294 2295 412 2368 facere
433 2295 678 2381 instituerunt,
700 2297 800 2366 cuius
817 2297 969 2366 musculi
990 2299 1075 2368 haec
1093 2317 1164 2370 erat
1182 2297 1253 2368 for·

221 2403 223 2408 ’
297 2426 366 2476 ma.
410 2403 513 2476 Duae
533 2405 691 2500 primurn
715 2405 829 2474 trabes
862 2405 900 2474 in
929 2405 1005 2476 solo
1025 2431 1140 2498 aeque
1170 2409 1253 2479 lon·

294 2537 382 2612 gae,
415 2514 577 2586 distanter
601 2515 694 2586 inter
721 2516 756 2586 se
777 2515 885 2609 pedes
912 2537 981 2622 Iu,
1006 2520 1273 2607 collocuntur„

295 2621 411 2716 inque
432 2622 479 2694 eis
502 2621 713 2694 columellae
738 2625 878 2716 pedum
908 2626 946 2696 in
971 2625 1197 2697 altitudinem
1222 2645 1253 2699 v

294 2733 514 2831 deliguntur.
539 2733 612 2803 Has
630 2735 721 2804 inter
738 2735 773 2804 le
794 2737 962 2830 capreolis
986 2735 1089 2806 molli
1117 2737 1250 2835 fastigio

293 2844 546 2940 coniungunt,
574 2842 639 2914 ubi
664 2843 778 2940 tigna,
812 2867 906 2937 quae
930 2845 1081 2916 musculi
1103 2844 1250 2942 tegendi

294 2953 396 3025 causa
410 2971 563 3047 ponant,
587 2953 821 3026 collocentur.
848 2956 900 3026 Eo
914 2955 1018 3049 super
1035 2955 1132 3054 tigna
1155 2957 1251 3050 bipe-

194 3153 198 3174 Ν
297 3065 389 3136 dalia
401 3063 586 3152 iniiciunt,
612 3087 726 3156 eaque
745 3065 884 3135 laminis
900 3064 1078 3158 clavisque
1092 3055 1249 3164 religant.

292 3169 357 3244 -Ad
379 3190 580 3244 extremum
602 3173 753 3244 musculi
773 3168 909 3244 testum
930 3174 1119 3268 trabes'que
1133 3193 1250 3246 extre-

295 3291 389 3370 r'nas,
417 3283 602 3377 quadratas
613 3286 772 3382 regulae,
790 3303 832 3357 1v
846 3285 1171 3382 patentes-digitos,
1187 3287 1250 3357 de·

243 3465 246 3476 ,
295 3397 433 3492 figunt,
454 3421 545 3488 quae
563 3398 915 3492 lateres‚'quiluper
936 3401 1099 3470 musculo
1121 3401 1262 3478 strunt«.

294 3504 376 3595 tur,
402 3511 620 3582 contineant.
653 3512 708 3583 Ita
723 3511 890 3610 ¹fastigato
919 3530 1029 3606 atque
1054 3513 1248 3601 ordinatim

293 3612 446 3711 strudo,
469 3636 512 3690 ut
536 3621 653 3692 trabes
674 3640 772 3694 erant
793 3623 831 3693 in
851 3624 1019 3718 capreolis
1032 3623 1246 3711 collocatae,

287 3727 462 3799 lateribus
474 3731 627 3822 lutoque
650 3731 845 3820 musculus,
862 3749 904 3804 ut
929 3732 974 3803 ab
993 3727 1097 3830 igne,
1116 3732 1179 3823 qui
1201 3753 1248 3804 ex

291 3859 400 3912 muro
425 3839 617 3931 iaceretur,
640 3859 741 3916 tutus
764 3840 870 3936 erret,
892 3842 1105 3943 contegitur.
1119 3838 1249 3938 'Super
