2852 4578
185 480 188 487 ,
362 412 878 488 FRAGMENTA
1033 418 1114 530 3ffl

140 589 202 662 qu'e
219 575 322 662 pollet
338 574 403 640 mili
418 576 456 640 ad
472 575 634 640 Caesarem
647 575 756 638 eodem
772 555 977 659 illoexemplo
989 575 1108 642 literas.

138 671 245 738 Iocum
262 689 365 736 autem
384 671 464 735 illius
482 672 519 732 de
536 669 587 733 sua
589 669 735 753 egestate
748 689 788 732 ne
802 669 841 733 lis
856 668 1031 754 aspernatus
1041 673 1104 737 dac.

66 814 68 817 -
135 769 186 834 'Ex
196 771 248 830 Cic.
262 767 307 828 lib.
321 767 360 826 11.
375 769 413 826 ad
430 766 559 844 Quintum
571 762 699 845 fratum,
710 767 767 846 Ep.
780 788 820 826 ta.

179 859 262 928 Libri
281 859 349 922 sunt
366 857 558 966 epistolarum
579 856 616 920 C
632 856 770 920 Caesaris
792 853 888 920 alc
899 853 1059 939 Oppium
1070 858 1107 924 δι’

25 965 27 969 ’
135 951 266 1020 Balbum
280 953 475 1027 Cornelium,
494 953 547 1033 qui
567 970 616 1014 res
637 952 704 1016 eius
723 927 854 1014 absentis
881 943 1111 1018 catabanum

136 1045 185 1107 itis
205 1044 338 1127 epistolis
358 1042 564 1150 quibusdam·
557 1061 589 1108 ιιι
604 1042 706 1108 locis
699 1044 899 1106 inveniuntur
919 1043 1024 1108 literae
1043 1041 1106 1106 sm·

135 1138 290 1218 sultitiae,
302 1137 364 1200 stne
381 1136 568 1220 coagmentis
585 1133 789 1218 syllabarum,
806 1155 883 1217 quas
897 1153 935 1198 to
942 1153 1033 1220 putes
1045 1155 1106 1220 po-

134 1229 209 1294 fixas
230 1229 394 1292 incondite.
429 1229 507 1291 Nam
530 1227 623 1290 verba
644 1246 683 1289 ex
707 1227 753 1290 his
777 1227 876 1294 literis
891 1227 1003 1292 confici
1020 1228 1111 1306 nulla.

134 1320 269 1404 poliunt.
292 1321 363 1384 Erat
377 1339 478 1386 autem
496 1337 686 1386 conventum
703 1322 857 1386 intereos
874 1321 1106 1401 clandestinum
1177 1327 1179 1332 '

134 1414 175 1478 de
194 1416 410 1482 commutando
426 1413 484 1476 fitu
501 1413 672 1496 literatum,
690 1429 726 1476 ut
741 1416 774 1476 in
789 1415 902 1497 scripto
910 1414 1035 1498 quidem
1042 1415 1104 1482 alta

26 1507 30 1518 '
133 1503 332 1594 aliaelncum
351 1507 384 1570 δι
400 1523 513 1570 nomen
526 1523 670 1581 teneret·
686 1505 756 1568 sed
749 1526 779 1568 ιιι
793 1504 924 1588 legendo
934 1501 1022 1570 locus
1035 1510 1105 1572 cui·

133 1619 197 1682 que
217 1599 289 1664 suus
306 1602 337 1664 δι
359 1600 494 1685 potestas
517 1597 787 1666 redimeremu-
812 1597 899 1662 -Est
912 1599 991 1664 adeo
1009 1599 1106 1668 Ptobi

134 1689 336 1758 Grammatici
353 1695 592 1758 commentarius
605 1693 673 1756 satit
689 1691 809 1757 curiose
823 1691 932 1768 faliun'
944 1694 982 1756 de
999 1695 1106 1764 occulq

11 1793 14 1802 ¹
135 1802 168 1848 ta
188 1788 345 1852 literatum
362 1787 580 1872 significatione
601 1786 797 1868 epistolatum
817 1785 854 1851 C.
867 1785 1006 1854 Caesaris
1024 1789 1104 1858 scti-

9 1923 13 1946 ι
133 1898 269 1966 piarum.
292 1882 662 1946 ExA.Genic'll.XV11.
682 1889 780 1967 ειμι.
831 1967 835 1974 ¹

325 2033 381 2092 Ex
398 2029 461 2090 libro
474 2027 650 2110 opinatarum
669 2027 708 2086 ad
725 2027 763 2106 Q.
779 2025 902 2106 Pedium.

474 2141 569 2222 Caesar
582 2143 617 2230 Q.
631 2139 715 2202 Pedo
731 2141 765 2203 S.

175 2261 340 2346 Pompeius
353 2261 384 2324 se
399 2261 513 2345 oppido
527 2277 631 2322 tenet:
656 2277 715 2322 nos
728 2257 767 2320 ad
780 2274 887 2342 portas
898 2257 994 2323 calita
1009 2258 1106 2324 habe-

134 2375 219 2419 mus.
246 2353 405 2417 Conamut
434 2371 514 2436 opus
536 2370 697 2434 magnum,
717 2349 750 2412 δι
771 2350 937 2413 multotum
961 2351 1109 2427 dietum,

131 2463 264 2533 propter
287 2439 479 2512 altitudinem
501 2447 604 2510 matis.
634 2443 694 2508 Sed
702 2461 814 2529 *tamen
833 2443 909 2506 nihii
931 2442 993 2516 eli,
1015 2444 1103 2526 quod
1192 2447 1221 2479 ‘¹

130 2543 241 2626 potius
256 2539 413 2606 faciamus.
445 2540 496 2602 Ab
515 2556 650 2621 utroque
673 2555 781 2622 portus
798 2556 896 2600 cornu
912 2535 1007 2598 moles
1027 2536 1103 2600 iaci·

131 2655 223 2710 mus,
245 2653 280 2697 ut
299 2652 353 2697 aut
372 2635 456 2698 illum
479 2635 703 2718 quamprimum
722 2631 881 2706 traiicere,
907 2631 992 2712 quod
1012 2631 1104 2694 habet
1182 2631 1186 2641 ‘

130 2725 285 2796 Brundisii
306 2728 486 2811 copiarum,
506 2743 672 2821 cogamus,
696 2727 852 2790 autentu
874 2723 1102 2808 prohibeamus.

131 2821 183 2888 Ex
194 2822 254 2888 Cic.
268 2823 307 2886 ad
315 2822 401 2885 Αιιὶι.
415 2821 461 2883 ll.
468 2810 524 2884 IX.
533 2821 590 2903 Ep.
606 2844 649 2897 ιι.

429 2957 478 3016 Ex
492 2954 596 3037 epistola
613 2956 653 3015 ad
669 2956 705 3016 Ρ
700 2954 803 3037 sonem.

174 3063 334 3130 Locellum
350 3069 405 3131 tibi
421 3049 568 3152 signatum
585 3073 694 3139 remisi.
713 3074 762 3174 lix
779 3075 858 3136 Char.
872 3075 917 3138 lib.
926 3075 950 3138 1.
961 3075 1010 3138 col.
1020 3084 1069 3142 60.

290 3261 296 3274 ,
339 3198 481 3261 .Ex·lt'bro
495 3201 659 3284 epistolatum
676 3204 715 3264 ad
731 3202 887 3266 Antonium.

175 3305 257 3372 Nam
274 3307 312 3370 ad
331 3327 380 3371 me
400 3301 478 3371 m'istt
499 3311 653 3376 Antonius
673 3312 846 3396 exemplum
862 3312 1002 3376 Caesaris
1014 3313 1052 3376 ad
1065 3313 1103 3396 se¹

92 3457 94 3464 .
127 3398 310 3477 literatum,
328 3402 358 3466 in
376 3401 487 3483 quibus
504 3421 587 3468 etam
614 3397 989 3482 se‚astdivilse‚Catoncm
1010 3409 1042 3470 δι
1059 3407 1103 3486 l..-

127 3490 292 3554 Metellum
312 3495 342 3560 in
359 3493 476 3557 ltaliam
489 3493 623 3570 venisse,
648 3495 767 3572 Romae
782 3513 817 3559 ut
832 3495 927 3559 essent
937 3499 1050 3580 palam:
1065 3499 1099 3563 id

128 3581 190 3648 sthi
206 3601 268 3648 non
283 3585 426 3665 placere3
446 3604 484 3648 ne
502 3587 555 3668 qui
574 3604 675 3650 motus
690 3605 728 3648 ex
747 3605 787 3650 eo
805 3586 936 3663 fierent3
954 3590 1097 3672 prohibe·

126 3677 221 3757 tique
241 3696 348 3742 omnes
364 3679 465 3758 ltalia,
491 3681 546 3743 nist
563 3702 695 3764 quotum
711 3682 771 3765 ipse
793 3683 910 3746 causam
930 3681 1146 3766 cognovis-.

125 3767 194 3835 set:
218 3771 315 3853 deque
330 3791 370 3838 eo
382 3775 595 3844 vehementius
609 3795 673 3844 ctat
685 3777 838 3866 scriptum
869 3783 916 3846 Ex
927 3780 980 3844 cic
992 3779 1030 3842 ad
1036 3779 1095 3844 At

125 3862 177 3930 tic.
190 3861 235 3930 lib.
247 3867 301 3932 XI
317 3867 371 3952 Ep
364 3891 408 3950 7

1256 2357 1259 2362 Ι
1278 2257 1297 2332 Ι
