2876 4572
288 363 398 460 rats
472 348 479 362 “
558 345 1079 446 nr‘trrto‘c‘rvrrr

326 517 473 631 &trans
496 516 636 597 flumen
658 523 796 620 Apsum
820 525 939 619 polrtis
957 525 1111 614 castris,
1110 549 1153 596 eo
1165 511 1297 621 co'pial

266 637 311 724 &4
329 661 453 709 omnes
480 635 698 725 auxiliaque
713 636 903 705 conduxit.
942 636 1116 722 Calenus,
1141 635 1295 734 legioni

327 739 410 821 bus
421 745 677 853 equitibusque
706 745 917 816 Brundisii
908 771 946 818 m
969 771 1074 818 naves
1096 749 1296 842 impolitis,

326 875 368 932 ut
386 875 458 929 erat
477 869 710 951 praeceptum
728 856 925 944 aCaesare,
941 875 1123 950 quantum
1144 858 1294 931 navium·
1342 841 1345 849 ¹

264 959 267 967 ⁵
324 968 530 1040 facultatem
556 965 730 1050 habebat,
756 985 860 1036 naves
890 966 1015 1053 solvit,
1052 951 1296 1062 paullumque

325 1075 520 1174 progrellus
540 1100 558 1144 a
580 1075 836 1168 portu,literas
853 1102 872 1146 a
887 1076 1030 1147 Caesare
1051 1079 1198 1171 accipit,
1218 1067 1296 1170 qui·
1321 1107 1327 1124 ·

326 1187 396 1258 bus
425 1186 473 1256 en
499 1185 626 1256 certior
649 1179 780 1271 satius,
811 1205 942 1280 portus
968 1189 1144 1279 litoraque
1171 1187 1296 1258 omnia

327 1295 484 1368 claffibus
503 1293 782 1366 adversariorum
805 1296 929 1377 teneri.
968 1295 1059 1401 Quo
1076 1297 1243 1393 cognito,
1259 1296 1298 1366 se
1377 1314 1381 1320 ·

327 1407 366 1478 in
399 1425 548 1526 portum
582 1403 730 1496 recipit,
774 1429 954 1498 navesque
988 1431 1112 1476 omnes
1145 1421 1297 1514 revocat.

328 1515 407 1587 Una
434 1512 561 1600 exiis,
590 1537 683 1606 quae
709 1514 966 1606 perseveravit,
992 1540 1114 1608 neque
1140 1505 1296 1610 imperio

329 1625 453 1697 Caleni
477 1623 764 1715 obtemperavit,
785 1625 889 1716 quod
910 1642 982 1694 erat
1001 1625 1073 1696 fine
1092 1619 1298 1716 militibue,
1412 1647 1417 1660 ·

327 1739 543 1833 privatoque
566 1736 714 1807 bonfilio
733 1737 1058 1824 administrabatur,
1082 1738 1198 1809 delata
1210 1733 1298 1808 ‘Ori-

328 1861 437 1934 tum,
465 1861 576 1938 atque
600 1871 620 1915 a
649 1845 782 1917 Bibulo
812 1865 1015 1943 expugnata
1041 1847 1111 1918 est:
1150 1849 1216 1942 qui
1247 1847 1298 1920 de

328 1957 446 2029 fervis
453 1957 646 2049 liberisque
669 1957 838 2027 omnibus
865 1958 910 2027 ad
932 1957 1136 2050 impuberes
1155 1959 1296 2054 suppli-

329 2070 427 2152 cium
448 2068 576 2155 sumit,
604 2065 702 2140 &ad
724 2091 842 2138 unum
867 2067 1045 2139 interficit.
1081 2068 1133 2138 Ita
1159 2071 1295 2166 exiguo
1341 2077 1343 2082 '

267 2174 270 2180 ’
328 2193 518 2272 tempore,
539 2201 746 2275 magnoque
766 2177 846 2248 casu
870 2175 982 2248 totius
1004 2177 1179 2250 exercitus
1204 2179 1295 2250 salut

271 2309 311 2390 ις
330 2288 440 2362 const·
431 2290 498 2360 itit.
526 2287 691 2375 Bibulus,
709 2309 761 2358 ut
786 2289 889 2382 supra
913 2289 1194 2361 demonstratum
1221 2290 1295 2380 est,

330 2417 403 2471 erat
422 2425 507 2472 cum
529 2398 627 2470 claffo
649 2400 696 2468 ad
718 2399 891 2470 Oricum.
918 2397 952 2468 Sc
976 2399 1079 2470 ficuti
1100 2401 1187 2470 mari
1206 2411 1296 2493 pot

328 2513 500 2604 tibusque
529 2509 721 2594 Caesarem,
736 2507 981 2602 prohibebat,
1029 2509 1076 2580 ita
1098 2511 1171 2604 ipse
1195 2505 1300 2582 omni

263 2623 267 2630 ’
330 2635 422 2692 terra
447 2633 568 2690 earum
592 2620 780 2716 regionum
796 2619 1070 2713 ¹prohibebatur
1086 2649 1094 2689 z
1112 2661 1115 2670 2
1122 2620 1301 2713 praesidiis

333 2729 432 2798 enim
452 2725 645 2820 dispositis,
669 2727 790 2798 omnia
810 2728 914 2796 litora
929 2749 950 2795 a
966 2727 1107 2798 Caesare
1125 2719 1298 2800 tenebam-¹

334 2851 416 2922 tur,
445 2857 566 2926 neque
597 2832 784 2931 lignandi,
821 2858 943 2926 neque
965 2836 1143 2928 aquandi,
1173 2859 1299 2930 neque

333 2957 441 3016 naves
468 2941 515 3012 ad
541 2957 669 3012 terram
696 2941 870 3040 religandi
894 2944 1044 3037 potestas
1069 2943 1188 3014 fiebat.
1217 2943 1299 3016 Erat

334 3055 451 3126 resin
476 3077 602 3150 magna
628 3052 858 3141 difficultate,
889 3054 1109 3147 summisque
1135 3056 1301 3153 angustiis

334 3187 452 3234 rerum
473 3158 736 3232 netellariarum
757 3161 1030 3255 premebantur,
1069 3162 1160 3234 adeo
1181 3181 1222 3234 ut
1236 3188 1305 3236 co··

336 3287 531 3368 gerentur,
558 3268 658 3340 licuti
679 3271 860 3362 reliquum
886 3288 1159 3359 commeatum,
1186 3273 1234 3342 ita
1253 3271 1300 3341 li·
1385 3337 1387 3344 .

337 3405 407 3478 gna
425 3397 534 3472 atque
552 3403 685 3472 aquam
698 3381 852 3476 Corcyra
874 3379 1024 3450 navibus
1038 3379 1202 3450 onerariis
1211 3381 1300 3475 lup}

200 3493 203 3505 '
321 3496 498 3585 'portarez
518 3491 722 3582 atque‘urio
740 3489 846 3560 etiam
869 3506 1033 3582 tempore
1052 3487 1203 3576 accidit,
1231 3511 1301 3579 ut,
1323 3483 1342 3520 ’·

340 3599 659 3694 difficilioribuetrsr
671 3599 957 3695 tempestatibus,
981 3623 1025 3670 ex
1038 3600 1204 3694 pellibus,
1224 3599 1303 3694 quiz

340 3710 409 3786 but
428 3729 528 3782 erant
543 3705 655 3782 tettae
672 3734 797 3798 naves,
817 3705 1036 3782 notlumuln
1058 3712 1301 3806 excipere-10⁴

284 3857 287 3862 ·
335 3845 427 3900 ‘tem'
435 3839 646 3922 cogerentur
658 3851 667 3895 ι
691 3847 778 3916 quae
792 3840 914 3898 tamen
928 3822 1160 3896 difficultates*
1170 3823 1304 3919 patien-
