2852 4578
267 373 269 380 ’
324 349 453 438 28ss
607 327 998 442 bannito

265 563 269 570 ·
323 518 456 613 iugum.
476 513 514 594 lc,
526 515 682 600 collem,
709 537 776 608 per
794 537 906 608 quem
927 513 1049 588 Caesar
1074 515 1302 620 pridie-iren·
1408 569 1409 612 7

324 625 480 711 fecerat,
511 623 564 696 ibi
585 623 690 696 castra
714 625 869 696 dirarum
894 627 1083 724 legionum
1109 627 1211 714 facin
1233 634 1304 698 at-'‘
1408 629 1409 642 ¹

323 759 400 830 que
417 736 492 831 ipse
513 729 701 830 q'uotidie,
726 735 946 825 existimans,
960 738 1141 812 Caesarem
1155 740 1296 812 eadem.

324 846 427 940 saepe
456 845 702 916 frumentandi
721 847 829 944 gratia
852 864 1165 937 commeaturum,
1190 834 1296 922 cum·

325 981 457 1084 magno
473 957 636 1048 equitatu
656 954 803 1050 levique
813 975 988 1033 armatura
998 960 1220 1034 insidiaturus
1232 961 1289 1030 lo·

261 1065 356 1188 66
327 1093 375 1157 crs
399 1066 539 1139 idoneis
564 1057 734 1138 consedit.
772 1065 924 1138 Caesar
916 1069 1058 1152 interim
1086 1068 1133 1140 de
1154 1067 1288 1140 insidiis
1408 1145 1409 1154 ¹

268 1175 477 1250 Labieni
499 1199 545 1248 ex
567 1171 723 1271 perfugis
746 1175 874 1249 certior
898 1171 1033 1264 saslus,
1057 1201 1188 1269 paucos
1211 1177 1289 1248 dies
1407 1177 1409 1192 ¹

232 1355 234 1358 .
288 1289 292 1298 ’
325 1286 380 1362 ibi
403 1301 671 1371 commoratus,
700 1283 789 1354 dum
816 1284 931 1356 hostes
954 1286 1167 1380 quotidiano
1187 1287 1289 1358 insti·
1301 1293 1305 1296 ’

310 1403 433 1482 tuto,
450 1394 551 1489 saepe
574 1393 671 1464 idem
682 1392 856 1466 faciendo
867 1445 879 1482 ,
890 1397 935 1478 ‚in
949 1399 1203 1496 negligentiam
1219 1397 1288 1470 ad·

276 1551 282 1565 .
299 1529 309 1548 ,
326 1505 565 1612 ducerentur,
582 1499 709 1570 ¹subito
730 1502 1025 1599 maneimperat,
1042 1522 1154 1600 porta
1174 1505 1289 1578 decu·

235 1691 239 1696 ,
326 1639 432 1691 mana
455 1611 611 1708 legiones
630 1610 664 1681 se
679 1631 755 1682 vm
771 1631 951 1686 veteranas
963 1641 1048 1688 cum
1069 1633 1169 1710 parte
1183 1617 1291 1711 equi·

319 1743 421 1828 'tatus
443 1721 563 1817 sequi3
588 1737 699 1816 atque
721 1722 906 1815 equitibus
926 1719 1139 1824 praemissis,
1161 1727 1308 1830 neque*

329 1835 517 1938 opinantes
537 1831 755 1903 infidiatores
777 1832 953 1923 subito,
944 1859 982 1906 1n
1006 1837 1226 1908 convallibus
1243 1839 1291 1908 la·

328 1960 468 2028 tentes,
500 1941 581 2014 levi.
597 1960 773 2012 armatura
799 1887 961 2015 concidit
980 1945 1183 2032 circitern;
1200 1947 1291 2019 reli·
1306 1951 1310 1959 '

275 2045 278 2050 ¹
329 2053 447 2148 quos
439 2075 476 2121 m
490 2050 611 2148 sugam
625 2051 856 2146 turpissimam
871 2055 1033 2130 coniecit.
1057 2056 1206 2130 Interim
1221 2057 1288 2128 La·

327 2161 457 2232 bienus
484 2181 568 2227 curn
595 2155 758 2228 universo
788 2159 953 2253 equitatu
977 2154 1199 2258 fugientibus
1217 2161 1301 2256 suis·

328 2273 506 2396 suppetias
527 2269 690 2340 occurrit.
720 2271 881 2344 Cuius
847 2297 922 2362 vrrn
939 2273 1185 2345 multitudinis
1200 2299 1287 2348 cum

328 2381 469 2478 equites
493 2403 599 2475 pauci
588 2378 843 2452 Caesariani
834 2407 904 2452 ram
926 2381 1095 2454 sustinere
1110 2407 1186 2455 non
1207 2381 1290 2509 pos·
1305 2389 1311 2398 '

328 2495 432 2581 sent,
462 2489 586 2563 Caesar
608 2486 785 2562 instruslas
808 2494 965 2592 legiones
996 2495 1156 2568 hostium
1175 2493 1291 2588 copiis

328 2579 495 2684 ostendit.
523 2602 612 2704 Quo
629 2597 722 2672 fatto
735 2607 933 2727 perterglto
949 2605 1110 2700 Labieno
1128 2621 1290 2678 acretar
1309 2615 1312 2620 '

330 2711 448 2797 dato,
478 2709 558 2796 suos
588 2711 729 2801 equites
756 2714 908 2805 recepit
912 2715 1120 2785 incolumes
1145 2715 1290 2784 Pollero

274 2869 302 2936 3
329 2803 391 2891 die
411 2817 501 2890 Iuba
515 2817 693 2890 Numidas
713 2843 792 2908 eos,
819 2823 905 2947 qui,
926 2824 1013 2895 loco
1035 2821 1189 2909 amisso,
1205 2821 1289 2918 fuga

190 2932 197 2944 ”
329 2931 366 3003 se
387 2950 605 3026 receperant
610 2929 652 3000 in
668 2905 795 3018 castra,
821 2933 859 3003 in
881 2958 986 3006 cruce
1006 2960 1132 3006 omnes
1145 2934 1289 3007 suffixit
1304 2949 1307 2959 ¹

264 3030 314 3134 67
331 3039 484 3112 Caesar
474 3039 645 3126 interim,
674 3041 848 3132 quoniam
870 3041 1073 3122 frumenti
1065 3043 1186 3136 inopia
1210 3066 1296 3136 pre-

328 3142 522 3239 mebatur,
541 3152 659 3245 copias
681 3177 805 3224 omnes
827 3154 866 3244 in
890 3155 995 3225 castra
1013 3145 1206 3242 conducit'5
1227 3171 1288 3232 ¹at·
1408 3199 1409 3202 =

330 3289 403 3355 que
425 3259 596 3356 praesidio
616 3263 739 3355 Lepti,
754 3263 952 3357 Ruspinae,
974 3265 1131 3350 Achillae
1144 3259 1287 3349 relislo,
1307 3288 1309 3296 ·
1373 3257 1376 3262 ¹

331 3371 452 3472 Cispio
473 3361 698 3462 Aquilaeque
720 3369 818 3441 classe
839 3373 1035 3459 transdita,
1061 3389 1103 3444 ut
1125 3375 1228 3442 alter
1237 3369 1289 3442 A

331 3479 557 3566 drumetum,
571 3479 658 3550 alter
670 3477 854 3574 Thapsum
876 3506 965 3552 man
954 3481 1198 3592 obsiderent,
1213 3481 1290 3574 ipse

329 3592 442 3665 castris
458 3593 627 3678 incensu,
651 3612 694 3666 1v
717 3589 832 3666 notlis
850 3595 988 3692 vigilia,
1014 3595 1087 3668 acie
1104 3583 1289 3683 infirmia,

329 3683 624 3802 ‘impedimentis'
616 3725 653 3770 rn
676 3701 819 3774 finistra
827 3723 929 3797 parte
948 3696 1158 3792 collocatis,
1176 3731 1221 3778 ex
1243 3701 1306 3792 eos

329 3811 412 3884 loco
434 3810 684 3923 proficiscitur,
697 3811 729 3886 8c
742 3831 904 3908 pervenit
917 3813 964 3886 ad
978 3815 1159 3910 oppidum
1167 3813 1287 3920 A·gar
1273 3866 1287 3910 ,
1275 3838 1306 3860 ···
