<?xml version="1.0" encoding="UTF-8"?>
<!DOCTYPE html PUBLIC "-//W3C//DTD XHTML 1.0 Transitional//EN"
    "http://www.w3.org/TR/xhtml1/DTD/xhtml1-transitional.dtd">
<html xmlns="http://www.w3.org/1999/xhtml" xml:lang="en" lang="en">
 <head>
  <title>
</title>
<meta http-equiv="Content-Type" content="text/html;charset=utf-8" />
  <meta name='ocr-system' content='tesseract 3.04.00' />
  <meta name='ocr-capabilities' content='ocr_page ocr_carea ocr_par ocr_line ocrx_word'/>
</head>
<body>
  <div class='ocr_page' id='page_1' title='image "./ciuliicaesarisd01bipogoog_0065.png"; bbox 0 0 2858 4572; ppageno 0'>
   <div class='ocr_carea' id='block_1_1' title="bbox 318 323 1059 478">
    <p class='ocr_par' dir='ltr' id='par_1_1' title="bbox 318 323 1059 478">
     <span class='ocr_line' id='line_1_1' title="bbox 318 323 1059 478; baseline -0.013 -38"><span class='ocrx_word' id='word_1_1' title='bbox 318 365 365 466; x_wconf 77' lang='lat'>5⁶</span> <span class='ocrx_word' id='word_1_2' title='bbox 542 323 615 478; x_wconf 75' lang='lat' dir='ltr'>ris</span> <span class='ocrx_word' id='word_1_3' title='bbox 652 351 840 430; x_wconf 78' lang='lat' dir='ltr'>rrrro</span> <span class='ocrx_word' id='word_1_4' title='bbox 878 355 1059 431; x_wconf 80' lang='lat' dir='ltr'>crvrur</span> 
     </span>
    </p>
   </div>
   <div class='ocr_carea' id='block_1_2' title="bbox 87 507 1315 3780">
    <p class='ocr_par' dir='ltr' id='par_1_2' title="bbox 87 507 1315 3780">
     <span class='ocr_line' id='line_1_2' title="bbox 317 507 1273 612; baseline -0.001 -18"><span class='ocrx_word' id='word_1_5' title='bbox 317 527 402 606; x_wconf 66' lang='lat' dir='ltr'>bats</span> <span class='ocrx_word' id='word_1_6' title='bbox 427 535 578 598; x_wconf 80' lang='lat' dir='ltr'>conatur</span> <span class='ocrx_word' id='word_1_7' title='bbox 599 536 720 590; x_wconf 80' lang='lat' dir='ltr'>tamen</span> <span class='ocrx_word' id='word_1_8' title='bbox 743 544 803 591; x_wconf 82' lang='lat' dir='ltr'>eor</span> <span class='ocrx_word' id='word_1_9' title='bbox 818 507 919 590; x_wconf 83' lang='lat' dir='ltr'>¹vallo</span> <span class='ocrx_word' id='word_1_10' title='bbox 941 518 1098 612; x_wconf 85' lang='lat' dir='ltr'>fossaque</span> <span class='ocrx_word' id='word_1_11' title='bbox 1121 518 1273 593; x_wconf 57' lang='lat' dir='ltr'>circum*</span> 
     </span>
     <span class='ocr_line' id='line_1_3' title="bbox 210 629 1273 724; baseline -0.009 -16"><span class='ocrx_word' id='word_1_12' title='bbox 210 644 218 686; x_wconf 79' lang='lat'>&#39;·</span> <span class='ocrx_word' id='word_1_13' title='bbox 317 636 459 720; x_wconf 89' lang='lat' dir='ltr'>venire,</span> <span class='ocrx_word' id='word_1_14' title='bbox 484 649 650 724; x_wconf 87' lang='lat' dir='ltr'>utquam</span> <span class='ocrx_word' id='word_1_15' title='bbox 666 630 823 700; x_wconf 85' lang='lat' dir='ltr'>maxime</span> <span class='ocrx_word' id='word_1_16' title='bbox 844 629 1046 722; x_wconf 86' lang='lat' dir='ltr'>repentinas</span> <span class='ocrx_word' id='word_1_17' title='bbox 1059 653 1184 700; x_wconf 90' lang='lat' dir='ltr'>eorum</span> <span class='ocrx_word' id='word_1_18' title='bbox 1198 655 1273 705; x_wconf 87' lang='lat' dir='ltr'>eru·</span> 
     </span>
     <span class='ocr_line' id='line_1_4' title="bbox 315 738 1280 842; baseline -0.005 -27"><span class='ocrx_word' id='word_1_19' title='bbox 315 747 458 842; x_wconf 86' lang='lat' dir='ltr'>ptiones</span> <span class='ocrx_word' id='word_1_20' title='bbox 482 741 709 824; x_wconf 63' lang='lat' dir='ltr'>demoratum</span> <span class='ocrx_word' id='word_1_21' title='bbox 737 763 813 832; x_wconf 91' lang='lat' dir='ltr'>quo</span> <span class='ocrx_word' id='word_1_22' title='bbox 840 739 1029 810; x_wconf 86' lang='lat' dir='ltr'>necessario·</span> <span class='ocrx_word' id='word_1_23' title='bbox 1049 738 1280 810; x_wconf 80' lang='lat' dir='ltr'>descensuros.</span> 
     </span>
     <span class='ocr_line' id='line_1_5' title="bbox 96 841 1273 946; baseline -0.004 -21"><span class='ocrx_word' id='word_1_24' title='bbox 96 901 98 910; x_wconf 80' lang='lat'><em>·</em></span> <span class='ocrx_word' id='word_1_25' title='bbox 217 939 220 946; x_wconf 25' lang='grc' dir='ltr'>Ι</span> <span class='ocrx_word' id='word_1_26' title='bbox 316 851 546 925; x_wconf 83' lang='lat' dir='ltr'>existimabat.</span> <span class='ocrx_word' id='word_1_27' title='bbox 583 849 659 934; x_wconf 89' lang='lat' dir='ltr'>Illi,</span> <span class='ocrx_word' id='word_1_28' title='bbox 684 849 862 944; x_wconf 73' lang='lat' dir='ltr'>&amp;inopia</span> <span class='ocrx_word' id='word_1_29' title='bbox 882 847 1007 942; x_wconf 87' lang='lat' dir='ltr'>pabuli</span> <span class='ocrx_word' id='word_1_30' title='bbox 1029 841 1197 934; x_wconf 70' lang='lat' dir='ltr'>adduffi,</span> <span class='ocrx_word' id='word_1_31' title='bbox 1220 847 1273 935; x_wconf 71' lang='lat' dir='ltr'>dc,</span> 
     </span>
     <span class='ocr_line' id='line_1_6' title="bbox 318 958 1274 1088; baseline -0.002 -55"><span class='ocrx_word' id='word_1_32' title='bbox 318 987 394 1088; x_wconf 80' lang='lat' dir='ltr'>quq</span> <span class='ocrx_word' id='word_1_33' title='bbox 427 959 533 1033; x_wconf 85' lang='lat' dir='ltr'>essent</span> <span class='ocrx_word' id='word_1_34' title='bbox 565 959 643 1028; x_wconf 85' lang='lat' dir='ltr'>ad</span> <span class='ocrx_word' id='word_1_35' title='bbox 633 974 699 1028; x_wconf 85' lang='lat' dir='ltr'>ster</span> <span class='ocrx_word' id='word_1_36' title='bbox 723 958 982 1050; x_wconf 81' lang='lat' dir='ltr'>expeditiores,</span> <span class='ocrx_word' id='word_1_37' title='bbox 1018 959 1140 1028; x_wconf 89' lang='lat' dir='ltr'>omnia</span> <span class='ocrx_word' id='word_1_38' title='bbox 1173 959 1274 1031; x_wconf 88' lang='lat' dir='ltr'>sarci·</span> 
     </span>
     <span class='ocr_line' id='line_1_7' title="bbox 254 1067 1273 1190; baseline -0.005 -47"><span class='ocrx_word' id='word_1_39' title='bbox 254 1073 414 1156; x_wconf 67' lang='lat' dir='ltr'>&amp;naria</span> <span class='ocrx_word' id='word_1_40' title='bbox 447 1071 606 1143; x_wconf 88' lang='lat' dir='ltr'>iumenta</span> <span class='ocrx_word' id='word_1_41' title='bbox 642 1067 802 1140; x_wconf 77' lang='lat' dir='ltr'>intersiti</span> <span class='ocrx_word' id='word_1_42' title='bbox 825 1067 962 1138; x_wconf 87' lang='lat' dir='ltr'>iubent.</span> <span class='ocrx_word' id='word_1_43' title='bbox 1000 1067 1046 1138; x_wconf 88' lang='lat' dir='ltr'>In</span> <span class='ocrx_word' id='word_1_44' title='bbox 1074 1067 1126 1166; x_wconf 84' lang='lat' dir='ltr'>his</span> <span class='ocrx_word' id='word_1_45' title='bbox 1154 1069 1273 1190; x_wconf 82' lang='lat' dir='ltr'>operi</span> 
     </span>
     <span class='ocr_line' id='line_1_8' title="bbox 279 1161 1296 1271; baseline -0.004 -18.836"><span class='ocrx_word' id='word_1_46' title='bbox 279 1176 386 1252; x_wconf 91' lang='lat' dir='ltr'>bus</span> <span class='ocrx_word' id='word_1_47' title='bbox 404 1177 625 1269; x_wconf 82' lang='lat' dir='ltr'>consiliisque</span> <span class='ocrx_word' id='word_1_48' title='bbox 645 1175 802 1245; x_wconf 86' lang='lat' dir='ltr'>biduum</span> <span class='ocrx_word' id='word_1_49' title='bbox 818 1175 1054 1246; x_wconf 91' lang='lat' dir='ltr'>consumitur:</span> <span class='ocrx_word' id='word_1_50' title='bbox 1082 1161 1188 1248; x_wconf 80' lang='lat' dir='ltr'>tertio</span> <span class='ocrx_word' id='word_1_51' title='bbox 1214 1179 1274 1248; x_wconf 89' lang='lat' dir='ltr'>dre</span> <span class='ocrx_word' id='word_1_52' title='bbox 1293 1264 1296 1271; x_wconf 27' lang='grc' dir='ltr'>Ι</span> 
     </span>
     <span class='ocr_line' id='line_1_9' title="bbox 316 1269 1285 1385; baseline -0.003 -26"><span class='ocrx_word' id='word_1_53' title='bbox 316 1311 443 1385; x_wconf 80' lang='lat' dir='ltr'>magna</span> <span class='ocrx_word' id='word_1_54' title='bbox 466 1287 534 1356; x_wconf 88' lang='lat' dir='ltr'>iam</span> <span class='ocrx_word' id='word_1_55' title='bbox 558 1310 639 1378; x_wconf 79' lang='lat' dir='ltr'>pars</span> <span class='ocrx_word' id='word_1_56' title='bbox 663 1284 777 1378; x_wconf 90' lang='lat' dir='ltr'>operis</span> <span class='ocrx_word' id='word_1_57' title='bbox 798 1275 943 1354; x_wconf 81' lang='lat' dir='ltr'>Caesaris</span> <span class='ocrx_word' id='word_1_58' title='bbox 965 1284 1202 1377; x_wconf 71' lang='lat' dir='ltr'>processeras.¹</span> <span class='ocrx_word' id='word_1_59' title='bbox 1217 1269 1285 1356; x_wconf 72' lang='lat' dir='ltr'>lus</span> 
     </span>
     <span class='ocr_line' id='line_1_10' title="bbox 316 1389 1276 1488; baseline -0.006 -22"><span class='ocrx_word' id='word_1_60' title='bbox 316 1391 568 1488; x_wconf 79' lang='lat' dir='ltr'>impediendae</span> <span class='ocrx_word' id='word_1_61' title='bbox 589 1391 637 1460; x_wconf 91' lang='lat' dir='ltr'>rei</span> <span class='ocrx_word' id='word_1_62' title='bbox 662 1389 785 1475; x_wconf 90' lang='lat' dir='ltr'>causa,</span> <span class='ocrx_word' id='word_1_63' title='bbox 816 1389 902 1459; x_wconf 86' lang='lat' dir='ltr'>hora</span> <span class='ocrx_word' id='word_1_64' title='bbox 925 1389 1061 1461; x_wconf 86' lang='lat' dir='ltr'>circiter</span> <span class='ocrx_word' id='word_1_65' title='bbox 1084 1389 1205 1463; x_wconf 71' lang='lat' dir='ltr'>osiana</span> <span class='ocrx_word' id='word_1_66' title='bbox 1227 1392 1276 1460; x_wconf 65' lang='lat' dir='ltr'>ns</span> 
     </span>
     <span class='ocr_line' id='line_1_11' title="bbox 317 1494 1273 1600; baseline -0.005 -27"><span class='ocrx_word' id='word_1_67' title='bbox 317 1525 391 1600; x_wconf 87' lang='lat' dir='ltr'>gno</span> <span class='ocrx_word' id='word_1_68' title='bbox 421 1502 539 1584; x_wconf 78' lang='lat' dir='ltr'>dato,</span> <span class='ocrx_word' id='word_1_69' title='bbox 568 1494 725 1593; x_wconf 78' lang='lat' dir='ltr'>legiones</span> <span class='ocrx_word' id='word_1_70' title='bbox 758 1495 950 1584; x_wconf 83' lang='lat' dir='ltr'>educunt,</span> <span class='ocrx_word' id='word_1_71' title='bbox 984 1498 1169 1592; x_wconf 83' lang='lat' dir='ltr'>aciemque</span> <span class='ocrx_word' id='word_1_72' title='bbox 1204 1498 1273 1568; x_wconf 90' lang='lat' dir='ltr'>sub</span> 
     </span>
     <span class='ocr_line' id='line_1_12' title="bbox 316 1604 1274 1702; baseline -0.002 -24"><span class='ocrx_word' id='word_1_73' title='bbox 316 1608 431 1680; x_wconf 83' lang='lat' dir='ltr'>castris</span> <span class='ocrx_word' id='word_1_74' title='bbox 452 1605 637 1675; x_wconf 85' lang='lat' dir='ltr'>instruunt.</span> <span class='ocrx_word' id='word_1_75' title='bbox 679 1605 798 1676; x_wconf 87' lang='lat' dir='ltr'>Caesar</span> <span class='ocrx_word' id='word_1_76' title='bbox 827 1604 873 1674; x_wconf 84' lang='lat' dir='ltr'>ab</span> <span class='ocrx_word' id='word_1_77' title='bbox 899 1629 1005 1697; x_wconf 89' lang='lat' dir='ltr'>opere</span> <span class='ocrx_word' id='word_1_78' title='bbox 1026 1609 1189 1702; x_wconf 76' lang='lat' dir='ltr'>&#39;legiones</span> <span class='ocrx_word' id='word_1_79' title='bbox 1217 1630 1274 1676; x_wconf 89' lang='lat' dir='ltr'>re·</span> 
     </span>
     <span class='ocr_line' id='line_1_13' title="bbox 318 1718 1274 1812; baseline -0.004 -20"><span class='ocrx_word' id='word_1_80' title='bbox 318 1736 453 1802; x_wconf 80' lang='lat' dir='ltr'>vocat,</span> <span class='ocrx_word' id='word_1_81' title='bbox 492 1718 693 1812; x_wconf 84' lang='lat' dir='ltr'>equitatum</span> <span class='ocrx_word' id='word_1_82' title='bbox 730 1740 877 1786; x_wconf 86' lang='lat' dir='ltr'>omnem</span> <span class='ocrx_word' id='word_1_83' title='bbox 915 1719 1107 1790; x_wconf 86' lang='lat' dir='ltr'>convenire</span> <span class='ocrx_word' id='word_1_84' title='bbox 1140 1719 1244 1788; x_wconf 91' lang='lat' dir='ltr'>iubet</span> <span class='ocrx_word' id='word_1_85' title='bbox 1254 1767 1274 1806; x_wconf 35' lang='lat'>¹,</span> 
     </span>
     <span class='ocr_line' id='line_1_14' title="bbox 319 1823 1272 1919; baseline 0.001 -20"><span class='ocrx_word' id='word_1_86' title='bbox 319 1827 431 1901; x_wconf 80' lang='lat' dir='ltr'>aciem</span> <span class='ocrx_word' id='word_1_87' title='bbox 454 1825 609 1896; x_wconf 81' lang='lat' dir='ltr'>instruit:</span> <span class='ocrx_word' id='word_1_88' title='bbox 637 1841 761 1896; x_wconf 85' lang='lat' dir='ltr'>contra</span> <span class='ocrx_word' id='word_1_89' title='bbox 774 1826 984 1919; x_wconf 85' lang='lat' dir='ltr'>opinionem</span> <span class='ocrx_word' id='word_1_90' title='bbox 1003 1829 1099 1900; x_wconf 87' lang='lat' dir='ltr'>enim</span> <span class='ocrx_word' id='word_1_91' title='bbox 1112 1823 1272 1918; x_wconf 87' lang='lat' dir='ltr'>militum</span> 
     </span>
     <span class='ocr_line' id='line_1_15' title="bbox 230 1934 1315 2036; baseline 0.002 -28"><span class='ocrx_word' id='word_1_92' title='bbox 230 2013 237 2022; x_wconf 16' lang='lat' dir='ltr'>N</span> <span class='ocrx_word' id='word_1_93' title='bbox 320 1937 527 2029; x_wconf 74' lang='lat' dir='ltr'>famamque</span> <span class='ocrx_word' id='word_1_94' title='bbox 550 1935 715 2006; x_wconf 85' lang='lat' dir='ltr'>omnium</span> <span class='ocrx_word' id='word_1_95' title='bbox 743 1934 854 2004; x_wconf 85' lang='lat' dir='ltr'>videri</span> <span class='ocrx_word' id='word_1_96' title='bbox 871 1937 1054 2028; x_wconf 44' lang='lat' dir='ltr'>,proelium</span> <span class='ocrx_word' id='word_1_97' title='bbox 1083 1937 1272 2036; x_wconf 83' lang='lat' dir='ltr'>defugisse,</span> <span class='ocrx_word' id='word_1_98' title='bbox 1308 2020 1315 2026; x_wconf 19' lang='lat'>⁸</span> 
     </span>
     <span class='ocr_line' id='line_1_16' title="bbox 320 2042 1274 2140; baseline 0.001 -22"><span class='ocrx_word' id='word_1_99' title='bbox 320 2069 497 2140; x_wconf 80' lang='lat' dir='ltr'>magnum</span> <span class='ocrx_word' id='word_1_100' title='bbox 509 2044 766 2114; x_wconf 85' lang='lat' dir='ltr'>detrimentum</span> <span class='ocrx_word' id='word_1_101' title='bbox 786 2042 967 2115; x_wconf 71' lang='lat' dir='ltr'>afferebat..</span> <span class='ocrx_word' id='word_1_102' title='bbox 981 2045 1050 2116; x_wconf 87' lang='lat' dir='ltr'>Sed</span> <span class='ocrx_word' id='word_1_103' title='bbox 1073 2047 1203 2116; x_wconf 89' lang='lat' dir='ltr'>eisdem</span> <span class='ocrx_word' id='word_1_104' title='bbox 1226 2047 1274 2120; x_wconf 89' lang='lat' dir='ltr'>de</span> 
     </span>
     <span class='ocr_line' id='line_1_17' title="bbox 321 2152 1279 2256; baseline -0.001 -28"><span class='ocrx_word' id='word_1_105' title='bbox 321 2155 445 2239; x_wconf 77' lang='lat' dir='ltr'>causas,</span> <span class='ocrx_word' id='word_1_106' title='bbox 469 2178 560 2244; x_wconf 87' lang='lat' dir='ltr'>quae</span> <span class='ocrx_word' id='word_1_107' title='bbox 578 2152 658 2224; x_wconf 89' lang='lat' dir='ltr'>sunt</span> <span class='ocrx_word' id='word_1_108' title='bbox 672 2153 855 2256; x_wconf 85' lang='lat' dir='ltr'>cognitae,</span> <span class='ocrx_word' id='word_1_109' title='bbox 880 2177 955 2246; x_wconf 92' lang='lat' dir='ltr'>quo</span> <span class='ocrx_word' id='word_1_110' title='bbox 969 2155 1089 2224; x_wconf 89' lang='lat' dir='ltr'>minus</span> <span class='ocrx_word' id='word_1_111' title='bbox 1105 2156 1279 2228; x_wconf 84' lang='lat' dir='ltr'>dimicare</span> 
     </span>
     <span class='ocr_line' id='line_1_18' title="bbox 320 2262 1274 2361; baseline 0 -25"><span class='ocrx_word' id='word_1_112' title='bbox 320 2266 452 2350; x_wconf 82' lang='lat' dir='ltr'>vellet,</span> <span class='ocrx_word' id='word_1_113' title='bbox 466 2262 699 2336; x_wconf 79' lang='lat' dir='ltr'>movebatur·</span> <span class='ocrx_word' id='word_1_114' title='bbox 690 2280 824 2355; x_wconf 88' lang='lat' dir='ltr'>atque</span> <span class='ocrx_word' id='word_1_115' title='bbox 835 2263 905 2332; x_wconf 87' lang='lat' dir='ltr'>hoc</span> <span class='ocrx_word' id='word_1_116' title='bbox 916 2271 1021 2333; x_wconf 85' lang='lat' dir='ltr'>enam</span> <span class='ocrx_word' id='word_1_117' title='bbox 1035 2265 1274 2361; x_wconf 86' lang='lat' dir='ltr'>magis,quod</span> 
     </span>
     <span class='ocr_line' id='line_1_19' title="bbox 320 2355 1273 2466; baseline -0.002 -22"><span class='ocrx_word' id='word_1_118' title='bbox 320 2371 422 2464; x_wconf 85' lang='lat' dir='ltr'>spatii</span> <span class='ocrx_word' id='word_1_119' title='bbox 443 2355 640 2454; x_wconf 87' lang='lat' dir='ltr'>brevitas,</span> <span class='ocrx_word' id='word_1_120' title='bbox 637 2368 743 2438; x_wconf 89' lang='lat' dir='ltr'>etiam</span> <span class='ocrx_word' id='word_1_121' title='bbox 761 2369 799 2438; x_wconf 92' lang='lat' dir='ltr'>in</span> <span class='ocrx_word' id='word_1_122' title='bbox 823 2369 942 2466; x_wconf 87' lang='lat' dir='ltr'>sugam</span> <span class='ocrx_word' id='word_1_123' title='bbox 968 2367 1132 2442; x_wconf 68' lang='lat' dir='ltr'>coniediis</span> <span class='ocrx_word' id='word_1_124' title='bbox 1146 2375 1273 2442; x_wconf 85' lang='lat' dir='ltr'>adver-</span> 
     </span>
     <span class='ocr_line' id='line_1_20' title="bbox 322 2459 1275 2566; baseline 0 -16"><span class='ocrx_word' id='word_1_125' title='bbox 322 2478 432 2566; x_wconf 85' lang='lat' dir='ltr'>sariis,</span> <span class='ocrx_word' id='word_1_126' title='bbox 454 2502 530 2548; x_wconf 89' lang='lat' dir='ltr'>non</span> <span class='ocrx_word' id='word_1_127' title='bbox 548 2479 714 2549; x_wconf 86' lang='lat' dir='ltr'>multum</span> <span class='ocrx_word' id='word_1_128' title='bbox 726 2459 771 2546; x_wconf 84' lang='lat' dir='ltr'>ad</span> <span class='ocrx_word' id='word_1_129' title='bbox 788 2474 962 2545; x_wconf 86' lang='lat' dir='ltr'>summam</span> <span class='ocrx_word' id='word_1_130' title='bbox 977 2471 1161 2548; x_wconf 74' lang='lat' dir='ltr'>vidioriae</span> <span class='ocrx_word' id='word_1_131' title='bbox 1152 2503 1275 2550; x_wconf 79' lang='lat' dir='ltr'>iuvare</span> 
     </span>
     <span class='ocr_line' id='line_1_21' title="bbox 322 2563 1276 2682; baseline -0.001 -23"><span class='ocrx_word' id='word_1_132' title='bbox 322 2603 483 2682; x_wconf 85' lang='lat' dir='ltr'>poterat:</span> <span class='ocrx_word' id='word_1_133' title='bbox 511 2609 585 2661; x_wconf 85' lang='lat' dir='ltr'>non</span> <span class='ocrx_word' id='word_1_134' title='bbox 612 2583 709 2654; x_wconf 89' lang='lat' dir='ltr'>euim</span> <span class='ocrx_word' id='word_1_135' title='bbox 735 2563 885 2676; x_wconf 86' lang='lat' dir='ltr'>amplius</span> <span class='ocrx_word' id='word_1_136' title='bbox 911 2585 1047 2678; x_wconf 87' lang='lat' dir='ltr'>pedum</span> <span class='ocrx_word' id='word_1_137' title='bbox 1069 2587 1276 2660; x_wconf 79' lang='lat' dir='ltr'>millibus&#39;rr</span> 
     </span>
     <span class='ocr_line' id='line_1_22' title="bbox 323 2691 1276 2786; baseline -0.002 -18"><span class='ocrx_word' id='word_1_138' title='bbox 323 2696 371 2768; x_wconf 82' lang='lat' dir='ltr'>ab</span> <span class='ocrx_word' id='word_1_139' title='bbox 386 2693 615 2772; x_wconf 77' lang='lat' dir='ltr'>castriscasira</span> <span class='ocrx_word' id='word_1_140' title='bbox 636 2691 818 2762; x_wconf 81' lang='lat' dir='ltr'>distabant.</span> <span class='ocrx_word' id='word_1_141' title='bbox 837 2693 932 2763; x_wconf 90' lang='lat' dir='ltr'>Hinc</span> <span class='ocrx_word' id='word_1_142' title='bbox 953 2692 1039 2764; x_wconf 84' lang='lat' dir='ltr'>duas</span> <span class='ocrx_word' id='word_1_143' title='bbox 1061 2709 1172 2786; x_wconf 85' lang='lat' dir='ltr'>partes</span> <span class='ocrx_word' id='word_1_144' title='bbox 1184 2696 1276 2766; x_wconf 79' lang='lat' dir='ltr'>acies</span> 
     </span>
     <span class='ocr_line' id='line_1_23' title="bbox 243 2801 1276 2898; baseline -0.005 -17"><span class='ocrx_word' id='word_1_145' title='bbox 243 2875 245 2880; x_wconf 88' lang='grc'><em>,</em></span> <span class='ocrx_word' id='word_1_146' title='bbox 325 2803 568 2898; x_wconf 76' lang='lat' dir='ltr'>occupabant3</span> <span class='ocrx_word' id='word_1_147' title='bbox 595 2803 694 2873; x_wconf 79' lang='lat' dir='ltr'>tertia</span> <span class='ocrx_word' id='word_1_148' title='bbox 707 2801 885 2890; x_wconf 82' lang='lat' dir='ltr'>‘vacabat,</span> <span class='ocrx_word' id='word_1_149' title='bbox 910 2803 954 2874; x_wconf 89' lang='lat' dir='ltr'>ad</span> <span class='ocrx_word' id='word_1_150' title='bbox 968 2804 1146 2876; x_wconf 82' lang='lat' dir='ltr'>incursum</span> <span class='ocrx_word' id='word_1_151' title='bbox 1163 2823 1276 2898; x_wconf 84' lang='lat' dir='ltr'>atque</span> 
     </span>
     <span class='ocr_line' id='line_1_24' title="bbox 323 2906 1274 3038; baseline 0.002 -56"><span class='ocrx_word' id='word_1_152' title='bbox 323 2913 502 3006; x_wconf 89' lang='lat' dir='ltr'>impeturn</span> <span class='ocrx_word' id='word_1_153' title='bbox 525 2906 827 3038; x_wconf 41' lang='lat' dir='ltr'>militumqrelisia·</span> <span class='ocrx_word' id='word_1_154' title='bbox 855 2909 891 2984; x_wconf 86' lang='lat' dir='ltr'>Si</span> <span class='ocrx_word' id='word_1_155' title='bbox 910 2915 1086 3019; x_wconf 78' lang='lat' dir='ltr'>proelium</span> <span class='ocrx_word' id='word_1_156' title='bbox 1108 2915 1274 2985; x_wconf 63' lang='lat' dir='ltr'>commit*</span> 
     </span>
     <span class='ocr_line' id='line_1_25' title="bbox 322 3026 1274 3122; baseline 0.002 -26"><span class='ocrx_word' id='word_1_157' title='bbox 322 3041 474 3110; x_wconf 80' lang='lat' dir='ltr'>teretur,</span> <span class='ocrx_word' id='word_1_158' title='bbox 503 3026 749 3118; x_wconf 71' lang='lat' dir='ltr'>propinquitas</span> <span class='ocrx_word' id='word_1_159' title='bbox 776 3026 965 3097; x_wconf 79' lang='lat' dir='ltr'>castrorum</span> <span class='ocrx_word' id='word_1_160' title='bbox 994 3029 1142 3098; x_wconf 84' lang='lat' dir='ltr'>celerem</span> <span class='ocrx_word' id='word_1_161' title='bbox 1166 3028 1274 3122; x_wconf 66' lang='lat' dir='ltr'>‘supe-</span> 
     </span>
     <span class='ocr_line' id='line_1_26' title="bbox 323 3134 1276 3233; baseline -0.001 -26"><span class='ocrx_word' id='word_1_162' title='bbox 323 3139 403 3208; x_wconf 82' lang='lat' dir='ltr'>ratis</span> <span class='ocrx_word' id='word_1_163' title='bbox 421 3160 465 3206; x_wconf 88' lang='lat' dir='ltr'>ex</span> <span class='ocrx_word' id='word_1_164' title='bbox 481 3135 563 3233; x_wconf 76' lang='lat' dir='ltr'>iuga</span> <span class='ocrx_word' id='word_1_165' title='bbox 582 3152 765 3228; x_wconf 88' lang='lat' dir='ltr'>receptum</span> <span class='ocrx_word' id='word_1_166' title='bbox 788 3135 906 3206; x_wconf 83' lang='lat' dir='ltr'>dabat.</span> <span class='ocrx_word' id='word_1_167' title='bbox 920 3135 995 3204; x_wconf 86' lang='lat' dir='ltr'>Hac</span> <span class='ocrx_word' id='word_1_168' title='bbox 1012 3134 1059 3204; x_wconf 87' lang='lat' dir='ltr'>de</span> <span class='ocrx_word' id='word_1_169' title='bbox 1078 3135 1176 3210; x_wconf 87' lang='lat' dir='ltr'>causa</span> <span class='ocrx_word' id='word_1_170' title='bbox 1188 3159 1276 3206; x_wconf 92' lang='lat' dir='ltr'>con</span> 
     </span>
     <span class='ocr_line' id='line_1_27' title="bbox 323 3241 1275 3339; baseline 0 -25"><span class='ocrx_word' id='word_1_171' title='bbox 323 3246 497 3332; x_wconf 67' lang='lat' dir='ltr'>senuerat,</span> <span class='ocrx_word' id='word_1_172' title='bbox 525 3241 861 3339; x_wconf 77' lang='lat' dir='ltr'>signainferentibus</span> <span class='ocrx_word' id='word_1_173' title='bbox 879 3242 1026 3312; x_wconf 75' lang='lat' dir='ltr'>resistere</span> <span class='ocrx_word' id='word_1_174' title='bbox 1036 3246 1275 3338; x_wconf 59' lang='lat' dir='ltr'>‚priorproe</span> 
     </span>
     <span class='ocr_line' id='line_1_28' title="bbox 87 3345 1275 3445; baseline -0.001 -21"><span class='ocrx_word' id='word_1_175' title='bbox 87 3425 89 3432; x_wconf 83' lang='grc'>,</span> <span class='ocrx_word' id='word_1_176' title='bbox 264 3345 307 3442; x_wconf 84' lang='lat'>83</span> <span class='ocrx_word' id='word_1_177' title='bbox 327 3351 376 3420; x_wconf 83' lang='lat' dir='ltr'>iio</span> <span class='ocrx_word' id='word_1_178' title='bbox 389 3376 464 3422; x_wconf 89' lang='lat' dir='ltr'>non</span> <span class='ocrx_word' id='word_1_179' title='bbox 478 3351 642 3422; x_wconf 81' lang='lat' dir='ltr'>lacessere.</span> <span class='ocrx_word' id='word_1_180' title='bbox 659 3349 760 3420; x_wconf 85' lang='lat' dir='ltr'>Acies</span> <span class='ocrx_word' id='word_1_181' title='bbox 778 3366 850 3420; x_wconf 87' lang='lat' dir='ltr'>erat</span> <span class='ocrx_word' id='word_1_182' title='bbox 867 3348 1051 3444; x_wconf 74' lang='lat' dir='ltr'>Afraniana</span> <span class='ocrx_word' id='word_1_183' title='bbox 1069 3351 1205 3445; x_wconf 83' lang='lat' dir='ltr'>duplex</span> <span class='ocrx_word' id='word_1_184' title='bbox 1221 3355 1275 3424; x_wconf 77' lang='lat' dir='ltr'>le·-</span> 
     </span>
     <span class='ocr_line' id='line_1_29' title="bbox 183 3437 1274 3558; baseline 0.007 -30"><span class='ocrx_word' id='word_1_185' title='bbox 183 3449 186 3456; x_wconf 64' lang='grc'><strong>’</strong></span> <span class='ocrx_word' id='word_1_186' title='bbox 327 3464 478 3558; x_wconf 82' lang='lat' dir='ltr'>giouurn</span> <span class='ocrx_word' id='word_1_187' title='bbox 493 3463 678 3555; x_wconf 71' lang='lat' dir='ltr'>quinques</span> <span class='ocrx_word' id='word_1_188' title='bbox 695 3461 888 3533; x_wconf 86' lang='lat' dir='ltr'>tertiumin·</span> <span class='ocrx_word' id='word_1_189' title='bbox 887 3437 1053 3534; x_wconf 75' lang='lat' dir='ltr'>subsidiis</span> <span class='ocrx_word' id='word_1_190' title='bbox 1070 3465 1189 3534; x_wconf 90' lang='lat' dir='ltr'>locum</span> <span class='ocrx_word' id='word_1_191' title='bbox 1205 3467 1274 3535; x_wconf 88' lang='lat' dir='ltr'>ala·</span> 
     </span>
     <span class='ocr_line' id='line_1_30' title="bbox 325 3569 1273 3664; baseline 0.002 -22"><span class='ocrx_word' id='word_1_192' title='bbox 325 3569 394 3642; x_wconf 82' lang='lat' dir='ltr'>riae</span> <span class='ocrx_word' id='word_1_193' title='bbox 421 3571 583 3660; x_wconf 83' lang='lat' dir='ltr'>cohortes</span> <span class='ocrx_word' id='word_1_194' title='bbox 603 3571 834 3644; x_wconf 75' lang='lat' dir='ltr'>obtinebant-2</span> <span class='ocrx_word' id='word_1_195' title='bbox 863 3571 1010 3644; x_wconf 84' lang='lat' dir='ltr'>Caesaris</span> <span class='ocrx_word' id='word_1_196' title='bbox 1034 3571 1181 3664; x_wconf 70' lang='lat' dir='ltr'>inplens</span> <span class='ocrx_word' id='word_1_197' title='bbox 1208 3573 1273 3644; x_wconf 92' lang='lat' dir='ltr'>sed</span> 
     </span>
     <span class='ocr_line' id='line_1_31' title="bbox 323 3675 1308 3780; baseline 0.003 -28"><span class='ocrx_word' id='word_1_198' title='bbox 323 3680 476 3776; x_wconf 88' lang='lat' dir='ltr'>primam</span> <span class='ocrx_word' id='word_1_199' title='bbox 502 3681 613 3752; x_wconf 85' lang='lat' dir='ltr'>aciem</span> <span class='ocrx_word' id='word_1_200' title='bbox 634 3697 824 3776; x_wconf 89' lang='lat' dir='ltr'>quaternae</span> <span class='ocrx_word' id='word_1_201' title='bbox 847 3683 1008 3766; x_wconf 86' lang='lat' dir='ltr'>cohortes</span> <span class='ocrx_word' id='word_1_202' title='bbox 1023 3675 1081 3750; x_wconf 69' lang='lat' dir='ltr'>verr</span> <span class='ocrx_word' id='word_1_203' title='bbox 1104 3701 1131 3752; x_wconf 93' lang='lat' dir='ltr'>v</span> <span class='ocrx_word' id='word_1_204' title='bbox 1161 3683 1274 3780; x_wconf 83' lang='lat' dir='ltr'>legio-</span> <span class='ocrx_word' id='word_1_205' title='bbox 1301 3684 1308 3694; x_wconf 87' lang='lat'>&#39;</span> 
     </span>
    </p>
   </div>
   <div class='ocr_carea' id='block_1_3' title="bbox 324 3791 1281 3884">
    <p class='ocr_par' dir='ltr' id='par_1_3' title="bbox 324 3791 1281 3884">
     <span class='ocr_line' id='line_1_32' title="bbox 324 3791 1281 3884; baseline 0.008 -20"><span class='ocrx_word' id='word_1_206' title='bbox 324 3791 431 3866; x_wconf 80' lang='lat' dir='ltr'>nibus</span> <span class='ocrx_word' id='word_1_207' title='bbox 448 3791 642 3872; x_wconf 68' lang='lat' dir='ltr'>tenebaris</span> <span class='ocrx_word' id='word_1_208' title='bbox 661 3792 722 3865; x_wconf 84' lang='lat' dir='ltr'>has</span> <span class='ocrx_word' id='word_1_209' title='bbox 737 3791 955 3880; x_wconf 75' lang='lat' dir='ltr'>subsidiariae</span> <span class='ocrx_word' id='word_1_210' title='bbox 978 3805 1122 3884; x_wconf 85' lang='lat' dir='ltr'>ternae,</span> <span class='ocrx_word' id='word_1_211' title='bbox 1141 3791 1183 3868; x_wconf 73' lang='lat' dir='ltr'>st·</span> <span class='ocrx_word' id='word_1_212' title='bbox 1194 3805 1281 3872; x_wconf 77' lang='lat' dir='ltr'>rur-3</span> 
     </span>
    </p>
   </div>
   <div class='ocr_carea' id='block_1_4' title="bbox 0 0 1440 4572">
    <p class='ocr_par' dir='ltr' id='par_1_4' title="bbox 0 0 1440 4572">
     <span class='ocr_line' id='line_1_33' title="bbox 0 0 1440 4572; baseline 0 0"><span class='ocrx_word' id='word_1_213' title='bbox 0 0 1440 4572; x_wconf 95' lang='lat' dir='ltr'> </span> 
     </span>
    </p>
   </div>
  </div>
 </body>
</html>
