2876 4572
320 371 395 448 m
526 351 603 458 ,nu
638 324 832 429 uerno
870 307 1071 432 crtum
1156 377 1159 386 ,

322 513 483 606 demque
507 513 553 586 ad
580 539 704 586 omnes
727 517 934 612 repentinos
964 517 1059 590 castre
1079 515 1280 592 transdidit.

254 650 305 724 40
323 625 468 730 Quibus
485 627 635 723 cognitis
647 627 774 716 rebus,
792 629 857 700 Cn.
870 629 1062 724 Pompeius
1082 628 1191 716 filius,
1215 629 1286 723 qui

321 733 411 808 clalli
425 730 622 830 Aegyptiae
632 752 813 828 praeerat,
839 739 887 810 ad
904 738 1055 810 Oricum
1070 737 1168 814 venii
1180 789 1192 826 ,
1205 739 1283 814 sub·

318 841 546 934 mersamque
566 843 714 930 navim,
736 847 898 918 remulco
918 846 1113 940 multisque
1129 836 1282 920 conten-

320 949 411 1024 dens
433 947 601 1037 funibus,
624 951 791 1037 adduxit3
826 969 936 1048 atque
956 956 1100 1026 alteram
1130 979 1284 1044 navem,

322 1081 414 1150 quae
437 1075 510 1134 erat
527 1057 573 1128 ad
597 1059 791 1132 custodiam
814 1061 859 1132 ab
883 1061 998 1134 Acilio
1018 1059 1145 1156 posrta,
1171 1065 1283 1156 pluri-

321 1165 388 1238 bus
407 1163 576 1264 aggressus
599 1167 774 1256 navibus,
797 1171 835 1240 in
859 1171 991 1264 quibus
1010 1171 1058 1264 ad
1083 1173 1212 1244 libram
1226 1170 1280 1242 fe·

320 1292 416 1348 cerat
437 1293 564 1366 turres,
595 1299 636 1348 ut
654 1302 699 1350 ex
718 1277 891 1374 superiori
909 1305 1073 1377 pugnans
1094 1285 1195 1370 locu,
1222 1283 1281 1354 in·-

322 1379 523 1484 tegrosque¹
540 1385 677 1482 semper
697 1388 891 1486 desagitatis
916 1389 1147 1477 submittens,
1170 1390 1211 1470 &s
1224 1415 1281 1465 re·

187 1581 227 1600 Η
321 1498 436 1592 liquis
457 1499 615 1592 partibus
641 1501 744 1572 simul
774 1526 821 1574 ex
852 1517 943 1572 terra
971 1501 1091 1590 scalis,
1124 1500 1282 1576 &classe
1329 1589 1331 1594 ,
1432 1589 1433 1594 ἵ

251 1637 272 1692 J
316 1611 465 1682 *moenia
491 1611 620 1705 oppidi
642 1626 801 1698 tentans,
834 1627 876 1682 ut
897 1611 1176 1686 adversariorum
1200 1635 1279 1698 ma·

319 1743 389 1792 nus
400 1720 1033 1808 diduceret,laboretcmultitudine
1046 1725 1205 1794 telorum
1217 1745 1281 1794 no·
1336 1783 1342 1791 .

320 1831 404 1902 siros
416 1831 520 1904 vicit:
548 1827 765 1925 defettisque
785 1831 1048 1918 defensoribus,
1066 1829 1131 1925 qui
1150 1853 1280 1908 omnes

319 1942 453 2036 scaphis
474 1943 617 2038 excepti
636 1943 855 2040 refugerant,
880 1943 988 2014 etiam
1008 1943 1139 2015 navem
1160 1967 1282 2036 expun
1326 1949 1329 1954 ’

256 2086 276 2128 η
319 2051 461 2148 gnavitr
483 2051 687 2144 eodemque
701 2065 865 2146 tempore
888 2075 934 2122 ex
947 2052 1053 2124 altera
1076 2067 1176 2152 parte
1195 2073 1278 2120 mo·
1310 2097 1314 2104 -

278 2169 287 2179 '
318 2162 390 2232 lern
413 2161 529 2235 tenuit
548 2163 747 2250 naturalem
764 2155 962 2248 obiesiam,
991 2184 1084 2254 quae
1098 2182 1211 2254 paene
1224 2157 1281 2228 in·

317 2270 429 2340 sulam
445 2287 568 2342 contra
581 2270 759 2365 oppidum
770 2269 953 2355 effecerat,
971 2295 1042 2363 qua
1053 2289 1095 2342 1v
1109 2267 1280 2364 biremes,
1302 2359 1307 2370 ῃ

318 2373 481 2454 subieslis
503 2378 663 2467 scutulis,
691 2379 855 2474 impulsas
878 2374 1038 2451 vestibus
1067 2380 1105 2450 in
1128 2378 1279 2452 interio-

318 2512 395 2560 rem
413 2505 550 2582 partem
568 2489 780 2564 transduxit.
806 2490 860 2560 lta
872 2512 917 2560 ex
930 2508 1083 2580 utraque
1100 2503 1200 2582 parte
1212 2509 1278 2556 na·

201 2653 203 2658 .
318 2621 379 2668 ves
407 2599 529 2693 longas
556 2597 749 2696 aggressos,
785 2623 878 2698 quae
908 2615 1006 2688 erant
1032 2597 1202 2694 deligatae
1230 2592 1277 2667 ad
1397 2591 1400 2598 ’

252 2797 255 2804 ¹
317 2725 447 2778 terram
458 2725 568 2798 atque
583 2709 719 2797 inanes,
748 2724 902 2802 quatuor
914 2733 958 2780 ex
971 2709 1023 2780 his
1036 2707 1207 2792 abduxit,
1220 2728 1279 2778 re·

236 2803 237 2807 ¹
318 2815 434 2907 liquas
457 2814 625 2886 incendit.
645 2818 726 2890 Hoc
744 2814 907 2926 consessio
933 2819 1103 2915 negotio,
1126 2816 1172 2888 D.
1183 2809 1278 2922 Lae:-

318 2925 409 2998 lium
428 2922 474 2994 ab
497 2923 643 2996 Asratica
667 2925 765 2998 clalle
793 2921 991 3000 abdusium
1017 2925 1183 3019 reliquit,
1210 2925 1275 3018 qui

320 3035 704 3114 comnreatus'Bullide
725 3055 835 3131 atque
854 3035 1019 3108 Amantia
1038 3036 1221 3128 importari
1237 3035 1278 3104 in

320 3143 502 3236 oppidum
524 3145 758 3238 prohibebat:
799 3146 892 3240 ipse,
920 3143 1051 3215 Lissum
1074 3139 1277 3238 profestos,

318 3276 426 3322 naves
450 3252 620 3324 onerarias
644 3251 810 3349 triginta,
836 3279 856 3322 a
874 3254 922 3324 M.
943 3250 1104 3322 Antonio
1122 3246 1279 3340 relidas,

318 3361 412 3432 intra
426 3382 573 3457 portum
590 3361 778 3462 aggressus,
801 3389 924 3436 omnes
937 3361 1113 3432 incendit:
1141 3359 1275 3439 Lissum

316 3496 522 3578 expugnare
542 3492 708 3562 conatus,
740 3473 1020 3546 defendentibus
1045 3472 1181 3543 civibus
1202 3473 1279 3544 Ro-

317 3585 460 3672 manis,
483 3585 546 3677 qui
564 3585 638 3656 eius
658 3583 988 3670 murmuremus,
1013 3581 1279 3678 militibusque,

317 3715 410 3784 quos
441 3694 601 3787 praefidii
632 3696 730 3796 causa
769 3695 909 3766 miserat
938 3691 1079 3782 Caesar,
1115 3693 1280 3766 triduum

277 3805 279 3808 ’
314 3823 495 3898 moratus,
531 3808 651 3902 paucis
665 3813 704 3880 in
718 3809 988 3910 oppugnatione
1007 3809 1151 3902 amitus,
1172 3835 1210 3884 re
1224 3809 1283 3884 iu·
