2876 4572
273 359 276 368 =
322 331 404 433 „⁸2⁹0
460 417 461 420 Ὺ
513 417 516 424 ,
576 309 1033 410 suurn-tiro.

335 471 405 559 esi,
422 485 576 568 propter
598 474 768 572 angustias
789 477 888 563 loci,
907 499 1026 572 atque
1040 501 1165 568 omne
1172 494 1286 568 certa
1329 479 1333 489 ¹
1430 453 1431 480 ι

311 607 419 657 rnen
450 583 487 652 in
507 584 638 678 virtute
662 584 828 654 constitit.
846 589 991 684 Neque
1018 613 1102 660 vero
1130 589 1287 676 Alexan-

312 683 429 766 Ιιιιιιιε
448 665 535 763 suit.
532 695 754 819 quiequam,
783 712 846 766 aut
870 699 1071 769 nostrorum
1100 717 1175 770 aut
1180 696 1287 806 oppi-

333 793 531 891 danorum,
557 805 622 900 qui
644 807 766 874 autin
797 830 927 902 opere,
953 810 1071 878 autin
1098 831 1288 904 oppugna-

331 909 430 986 tione
446 913 663 1006 occupatum
685 914 847 1008 animum
869 917 1034 1002 haberet,
1063 917 1152 1010 quin
1172 914 1289 998 altissr
1427 905 1431 1106 ι

318 1047 400 1134 ¹rna
397 1020 496 1096 teu-a
508 1042 664 1118 peteret,
692 1042 801 1116 atque
822 1049 866 1096 ex
894 1027 995 1096 omni
1020 1021 1208 1120 prospeCiu
1229 1029 1288 1098 lo·

331 1160 414 1206 curn
448 1131 646 1228 speiiaculo
670 1152 837 1232 caperet,
870 1137 1165 1230 precibusque&
1196 1155 1285 1226 voto

330 1243 513 1318 victoriam
537 1247 615 1336 suis
626 1247 672 1316 ab
693 1246 769 1335 Diis
787 1246 1047 1318 immortalibus
1065 1245 1283 1352 exposceret.

257 1332 311 1468 ιδ
331 1345 482 1428 Minime
510 1371 632 1426 autem
656 1373 813 1449 parerat
837 1355 962 1450 proelii
986 1372 1172 1428 certarnen
1207 1353 1286 1430 No·

328 1449 400 1576 siris
414 1464 510 1535 enim
525 1463 663 1557 prorsus
688 1487 836 1558 neque
830 1479 922 1562 terra
941 1489 1062 1562 neque
1083 1467 1170 1536 mari
1195 1467 1287 1572 essu-

327 1567 427 1676 gium
448 1573 601 1648 dabatur
614 1569 731 1670 visiis,
745 1575 948 1670 omniaque
973 1557 1165 1649 visioribus
1186 1592 1286 1666 erant

327 1681 488 1756 futura
480 1706 519 1752 ιιι
541 1681 701 1752 incerto:
734 1683 786 1752 ilii
815 1683 839 1752 sr
869 1683 1080 1780 superassent
1108 1687 1285 1772 navibnc,

329 1791 452 1864 omnia
474 1803 659 1874 tenerent3
686 1785 909 1860 srinferiores
930 1789 1070 1863 fuissent
1078 1793 1285 1906 ,reliquam

312 1897 452 1996 stamen
475 1897 658 1970 fortunam
674 1895 964 1996 periclitarentur.
977 1899 1092 1972 Simul
1105 1901 1196 1972 iilud
1210 1927 1286 2007 gra·

232 2093 233 2100 ἵ
310 2001 377 2112 ,ιι
394 2033 433 2082 ac
450 2009 616 2081 miserum
635 2008 840 2110 videbatur,
864 2033 1062 2107 perpaucos
1079 2011 1124 2080 de
1140 1999 1285 2120 summa

328 2143 449 2192 rerum
463 2144 502 2192 ac
528 2119 573 2192 tle
593 2119 702 2190 salute
723 2119 889 2218 omniurn
911 2119 1109 2192 decertare.
1101 2089 1285 2232 quorum

329 2231 355 2302 sr
381 2229 446 2323 qui
476 2219 539 2300 aut
558 2229 680 2300 animo
702 2244 765 2298 aut
787 2211 919 2300 virtute
944 2215 1106 2332 cessisset,
1140 2211 1286 2330 reliquis

199 2372 200 2376 ¹
308 2343 437 2413 vetiarn
463 2340 544 2412 esset
570 2321 800 2424 cavendum,
810 2339 945 2436 quibus
959 2363 1025 2434 pro
1049 2340 1082 2410 se
1099 2339 1285 2438 pugnandi

306 2454 472 2532 facultas
497 2478 573 2524 non
606 2450 730 2522 suisset.
767 2450 864 2520 Haec
889 2449 1131 2545 superioribus
1156 2450 1286 2540 diebus

328 2551 582 2658 saepenumero
595 2558 715 2631 Caesar
726 2557 792 2628 suis
793 2555 1024 2651 exposuerat,
1040 2573 1082 2627 ut
1095 2558 1185 2629 hoc
1175 2558 1287 2630 maio-

323 2675 363 2746 ιι
379 2675 501 2748 animo
523 2670 814 2766 contenderent,
832 2669 1114 2761 quodomnium
1134 2649 1285 2772 salutent

313 2784 392 2855 -srbi
413 2781 705 2854 commendatam
728 2779 901 2875 viderent.
921 2778 1052 2852 Eadem
1067 2781 1171 2853 suum
1186 2781 1284 2876 qnis-

305 2875 402 2987 ¹³que
432 2889 755 2978 contubernalem,
790 2891 974 2977 amicum,
1003 2908 1133 2962 notum
1165 2891 1285 3016 prose·

313 3009 441 3096 quens
465 3017 537 3073 erat
559 2999 771 3091 obtestatus,
796 3025 844 3072 ne
860 2999 956 3070 suam
980 3016 1091 3094 atque
1115 3003 1283 3074 omniurn

308 3112 462 3188 ¹falleret
492 3114 727 3208 opinionem,
742 3135 899 3205 quorum
916 3110 1051 3182 iudicio
1066 3107 1221 3206 deletins
1235 3095 1283 3180 ad

324 3239 486 3325 pugnam
516 3226 805 3320 proficisceretur
829 3225 956 3346 Itaque
990 3224 1059 3294 hoc
1084 3223 1204 3316 animo
1233 3220 1283 3292 est

299 3359 301 3366 ·
323 3336 570 3442 decertatum}
598 3353 639 3404 ut
659 3358 780 3424 neque
794 3331 976 3404 maritimis
990 3331 1207 3428 nauticirque
1221 3331 1286 3434 soi·

322 3446 426 3520 lertia
438 3464 548 3568 atque
567 3471 618 3516 ars
633 3445 844 3540 praesidium
862 3431 987 3527 serret3
1014 3464 1133 3532 neque
1152 3464 1285 3528 nume·

302 3581 367 3628 ..ro
393 3555 539 3625 navium
564 3553 828 3648 praestantibus
857 3545 1053 3622 multitudo
1079 3547 1283 3652 prodesset,

304 3691 446 3760 neque
472 3661 573 3738 elesii
597 3666 641 3736 ad
662 3667 830 3736 virtutem
860 3689 905 3734 ex
923 3677 1020 3734 tanta
1046 3661 1283 3738 multitudine

318 3763 479 3878 hostiurn
492 3775 556 3850 viri
568 3773 692 3850 virtuti
703 3773 903 3862 nostrorum
920 3769 1277 3876 P0ff0sst.³<ia,eq¹‚¹³1‚i,·
