2852 4578
341 399 418 486 ιω
627 381 718 459 DE
764 381 1020 477 BELLO
1096 393 1099 398 ’

337 539 511 642 pecuniam
527 539 650 613 multae
664 548 795 615 nomine
810 547 990 618 relaturum
1000 598 1014 622 ,
1043 561 1080 618 ut
1093 547 1300 628 incolumitas,

343 668 408 728 tem
424 651 561 720 retinere
577 651 686 748 peffet.
703 651 848 756 Quibus
862 669 964 724 metu
982 653 1236 750 exsanguibus,
1253 653 1301 725 (le

336 756 489 850 ¹uitaque
504 779 550 827 ex
559 756 626 854 suo
644 759 1154 854 promerito'desperantibus,
1179 761 1301 843 subito

230 899 231 904 κ
285 928 292 934 ,
340 864 466 941 oblata
494 864 623 954 salute,
653 869 807 940 libentes
831 871 1029 964 cupidique
1049 855 1300 944 conditionem

341 994 574 1070 acceperunt:
594 979 851 1074 petieruntque
862 979 1061 1067 aCaesare,
1079 997 1121 1051 ut
1129 981 1300 1054 universis

341 1103 410 1156 cuc
432 1108 508 1156 uno
534 1089 683 1158 nornine
709 1088 901 1181 pecuniam
928 1090 1128 1185 imperaret.
1172 1091 1301 1186 Itaque

342 1192 397 1266 bis
427 1193 553 1280 millies
574 1194 634 1267 HS
661 1195 714 1268 his
738 1197 927 1292 imposrto,
954 1215 997 1272 ut
1020 1223 1085 1292 per
1102 1199 1299 1272 triennium

341 1301 403 1388 sear
415 1303 643 1398 pensionibus
662 1309 802 1400 populo
816 1307 980 1380 Romano
1002 1308 1197 1396 solverent,
1213 1309 1299 1378 nul·

342 1415 380 1486 lo
391 1416 732 1505 eorum-recusante,
755 1441 795 1489 ac
807 1417 841 1488 se
852 1417 981 1488 eodem
998 1417 1056 1488 die
1071 1417 1220 1490 demum
1233 1441 1299 1488 na·

282 1546 326 1622 91
343 1543 398 1598 tos
409 1525 670 1618 praedicantes,
696 1529 778 1600 laeti
798 1531 920 1625 gratias
933 1546 1045 1626 agunt
1059 1528 1202 1601 Caesari.
1219 1528 1299 1599 Rex

342 1622 483 1706 interim
505 1635 679 1730 Iuba,‚ut
699 1663 747 1709 ex·
762 1641 901 1734 proelio
925 1639 1089 1740 fugerat,
1116 1663 1188 1710 una
1209 1658 1308 1712 curn,

341 1747 480 1820 Petreio
500 1751 655 1824 interdiu
677 1752 716 1822 in
728 1753 818 1826 villis
830 1753 1005 1824 latitando
1020 1805 1032 1842 ,
1045 1752 1213 1841 tandem,
1231 1775 1299 1822 no·

339 1852 471 1930 siurnis
495 1843 681 1950 itineribus
704 1857 893 1950 confessis,
929 1864 968 1934 in
994 1887 1147 1962 regnum
1169 1885 1299 1956 pervee

342 1971 414 2055 nit3
441 1986 551 2064 atque
574 1972 620 2046 ad
641 1973 819 2068 oppidum
843 1975 1012 2061 Zamam,
1044 1970 1109 2042 ubi
1132 1971 1205 2066 ipse
1225 1970 1297 2040 do·
1340 2039 1342 2052 ,

340 2081 537 2170 micisiurn,
562 2083 753 2182 coniuges,
775 2084 981 2178 liberosque
1004 2083 1186 2170 habebat,
1215 2107 1296 2176 quo

340 2215 387 2263 ex
408 2181 538 2266 tunsio
566 2217 677 2292 regno
703 2195 1068 2290 omnem-pecuniam
1099 2193 1297 2266 cariffimas·

340 2308 416 2396 que
444 2327 497 2374 res
526 2319 831 2399 comportaverat,
866 2306 1046 2399 quodque
1075 2303 1166 2377 inito
1197 2305 1297 2376 bello

339 2419 509 2515 operibus
523 2405 686 2488 maximis
709 2417 907 2505 munierat,
928 2418 1075 2490 accedit.
1091 2419 1214 2523 Quem
1229 2441 1315 2510 ope,

271 2525 275 2542 '
307 2554 309 2559 ·
338 2527 484 2623 pidani,
510 2539 614 2598 antea
638 2549 784 2596 rumore
804 2541 975 2618 exoptato
998 2524 1044 2595 de
1064 2525 1219 2596 Caesaris
1239 2525 1318 2623 vig
1350 2583 1353 2594 .
1403 2537 1407 2550 ·

338 2633 447 2709 sioria
468 2637 613 2724 audito,
642 2635 691 2705 ob
716 2636 776 2704 has
800 2635 915 2707 causas
935 2627 1073 2730 oppido
1095 2635 1295 2728 probibue·

336 2762 449 2832 runt,
473 2744 601 2837 quod,
619 2744 716 2813 bello
738 2737 860 2812 contra
878 2746 1057 2836 populum
1082 2745 1293 2816 Romanum

335 2855 523 2949 suscepto,
546 2855 584 2924 in
600 2852 736 2948 oppido
750 2854 882 2924 Zamae
894 2853 996 2952 lignis
1008 2853 1197 2952 congestis,
1219 2873 1329 2945 nra-p

299 3035 302 3042 .
337 2971 472 3040 :rimam
491 2967 528 3038 in
544 2966 665 3038 medio
682 2965 768 3037 -foro
793 2991 919 3062 pyram
940 2967 1199 3057 consiruxerat3
1227 2982 1292 3056 ut,

108 3101 120 3120 ‘
337 3079 364 3150 [ι
387 3076 479 3148 sorte
496 3077 593 3147 bello
608 3073 700 3146 foret
716 3073 921 3168 superatus,
941 3075 1110 3146 omnibns
1125 3065 1292 3148 rebus'eo

232 3169 234 3174 ⁵
337 3186 569 3272 coacervatis,
597 3185 727 3256 dehinc
756 3185 893 3278 civibus
921 3181 1054 3256 cunsiis
1080 3179 1292 3272 interfesiis‚

257 3301 258 3308 ’
338 3297 541 3391 eodemque
554 3289 734 3401 proiesiis,
749 3294 833 3398 igne
845 3289 1024 3382 subiesso,
1044 3315 1123 3364 tum
1139 3293 1290 3364 demum

338 3405 373 3474 se
396 3404 468 3498 ipse
491 3403 634 3499 insuper
654 3405 889 3493 interficeret,
921 3421 1031 3500 atque
1052 3427 1122 3476 una
1142 3427 1227 3474 curn
1245 3402 1291 3472 li·

339 3512 456 3602 beris,
476 3515 688 3613 coniugibus
701 3541 719 3602 ,·
738 3515 896 3600 civibus,
922 3508 1122 3606 cunsiaque
1141 3535 1218 3610 gaza
1237 3535 1292 3580 re-

293 3676 297 3684 -
337 3623 395 3722 gia
417 3637 640 3694 cremaretur.
665 3625 854 3716 Postquam
875 3623 964 3693 Iuba
981 3641 1062 3692 ante
1079 3639 1198 3716 portas
1225 3619 1302 3692 diu.

338 3736 573 3828 multumque
583 3736 700 3828 primo
715 3735 817 3805 minis
829 3759 897 3828 pro
908 3731 1058 3827 imperio
1073 3729 1190 3829 egisset
1204 3739 1291 3802 tum

326 3844 591 3934 ·Zamens1bus;
618 3843 767 3936 deinde,
792 3868 877 3918 cum
905 3843 941 3914 se
963 3865 1092 3939 parum
1116 3838 1293 3934 proficere
1368 3941 1373 3954 ι
