2852 4578
395 353 827 437 nentcnuo'.
1026 355 1105 458 ate

21 603 25 631 ,
79 596 86 627 ,
132 523 426 624 promontorium
452 523 689 622 superarunt,
714 542 827 618 atque
849 521 1103 600 Adrumetum‘

130 638 172 708 in
197 637 393 710 cothonem
421 635 456 707 se
481 627 663 708 uhivetsae
688 636 936 707 ebntuserunt·
975 636 1100 708 Caesar

78 783 80 788 ·
133 747 265 820 eodem
290 765 404 820 vento
427 747 723 840 promontorium
749 731 912 842 superare
932 770 1010 818 non
1031 767 1102 842 poc·

133 859 222 944 tuit,
244 873 355 950 atque
373 857 411 928 in
432 857 504 928 salo
522 856 561 926 in
584 855 721 928 ancoris
746 881 786 928 ea
808 851 913 930 nosse
931 877 1100 928 commo·

131 982 251 1051 ratus,
277 965 391 1062 prima
411 968 493 1038 luce
514 962 757 1038 Adrumetum
783 967 946 1055 accedit,
970 967 1102 1062 ibique

132 1077 286 1151 navibus
306 1078 495 1164 onerariis,
517 1101 610 1171 quae
634 1089 733 1148 erant
756 1065 856 1150 extra
877 1065 1098 1169 cothonem,

131 1187 306 1274 incensrs,
336 1189 581 1282 omnibusque
599 1187 745 1280 reliquis
774 1187 849 1258 aliie
869 1205 932 1266 aut
951 1187 1096 1258 subdu-

133 1293 212 1384 etis,
225 1313 287 1369 ant
304 1299 343 1369 in
364 1299 559 1371 cothonem
574 1299 782 1391 compulsu,
793 1299 988 1394 ‘paullisper
999 1320 1104 1374 comt

132 1426 314 1494 moratus,
338 1409 362 1478 sr
386 1407 478 1480 forte
497 1411 634 1479 vellent
651 1405 750 1478 classe
771 1408 961 1493 dimicare,
980 1406 1097 1477 rursus

19 1525 22 1532 '
132 1515 169 1588 se
190 1517 325 1611 recepit
344 1519 381 1588 in
404 1519 518 1592 costra.
546 1521 589 1590 sn
610 1543 650 1590 ea
667 1541 758 1588 nave
771 1517 957 1612 capturess
973 1519 1010 1590 P.
1024 1515 1097 1589 Ve-
1111 1521 1163 1614 64

92 1609 96 1630 ⁸
132 1619 233 1701 iuius
251 1653 359 1722 eques
376 1631 560 1703 Romanus
568 1636 580 1718 ¹,
603 1629 636 1708 sc
653 1629 690 1700 P.
707 1628 864 1727 Ligarius
873 1627 1099 1718 Afranianus,

22 1791 24 1794 -
132 1761 247 1832 quem
263 1740 385 1814 Caesar
397 1745 438 1813 in
451 1742 618 1836 Hispania
639 1765 725 1812 cum
742 1741 886 1831 reliquis
907 1738 1101 1829 dimiserat,

132 1839 306 1945 &possea
330 1853 364 1922 se
384 1854 431 1924 ad
456 1852 674 1948 Pompeium
697 1852 919 1935 contuleram¹
949 1850 1036 1920 inde
1053 1867 1101 1922 ert

31 1989 33 1998 ’
133 1961 274 2056 proelio
294 1960 486 2058 effugerat,
508 1964 545 2032 in
567 1961 797 2053 Africamque
815 1959 862 2030 ad
878 1959 1014 2030 Varum
1039 1981 1102 2030 ve·

132 2083 257 2138 uerat:
283 2091 397 2160 quem
416 2070 466 2138 ob
483 2070 679 2161 periurium
698 2067 960 2169 perfidiamque
978 2065 1103 2136 Caesar

11 2263 13 2282 ,
134 2174 229 2246 iussu
250 2179 365 2248 necari
375 2203 387 2263 3
402 2179 441 2249 P.
456 2179 593 2251 Vesirio
610 2196 756 2268 autern,
783 2177 886 2272 quud
903 2178 978 2256 eiua
995 2177 1102 2278 stater

11 2283 12 2356 ζ
134 2286 275 2360 Romae
301 2292 492 2382 pecuniam
526 2292 734 2386 imperatam
764 2301 1040 2378 numeraverat,
1069 2287 1103 2360 st

11 2409 12 2420 ¹
133 2396 239 2488 quod
265 2397 338 2492 ipse
360 2398 458 2470 suant
480 2385 618 2472 cansam
644 2401 778 2472 Caesari
799 2401 1033 2494 probaverat,
1051 2397 1102 2487 se,

23 2519 29 2529 “
135 2506 275 2584 Nandii
309 2507 606 2604 elassecapturn,
643 2504 727 2582 curn
746 2511 791 2582 ad
811 2533 937 2581 necem
958 2508 1102 2579 discere·

75 2638 78 2642 ·
133 2634 217 2704 tur,
240 2615 417 2689 beneficio
437 2617 519 2690 Vari
540 2617 608 2702 dse
630 2620 824 2708 servatum,
848 2619 968 2713 postea
990 2617 1104 2689 facult

133 2741 248 2798 tatem
275 2725 340 2798 fibi
366 2730 501 2801 nussam
530 2731 657 2802 datam'
680 2729 1101 2833 transeundi,·ignovi‘t.
1153 2795 1156 2801 .

132 2829 194 2912 Est
210 2835 250 2910 in
270 2833 386 2909 Africa
398 2839 625 2912 consuetudo
644 2843 861 2928 incolarum,
882 2857 922 2912 ut
941 2843 978 2910 in
993 2842 1158 2941 agris,65

133 2947 170 3022 8c
195 2947 234 3017 i'n
255 2949 426 3023 omnibus
447 2948 521 3020 sere
543 2950 635 3023 vinis
655 2951 722 3026 sub
750 2953 840 3024 terr'a
863 2953 986 3046 specus
1011 2953 1101 3031 con-ff

136 3053 252 3162 ciendi
278 3055 449 3130 frumeuti
474 3060 581 3158 gratia
602 3063 693 3131 clam
720 3062 901 3147 habeant,
926 3067 1036 3154 atq'ue
1062 3059 1101 3132 id
1157 3069 1160 3082 '

132 3180 286 3262 propter
309 3163 401 3235 bella
421 3170 575 3242 maxime
595 3169 824 3264 hostiumque
850 3169 1010 3241 subitum
1035 3169 1102 3246 ad-

11 3371 12 3376 *
82 3365 83 3370 ἵ
132 3287 290 3349 ventum
317 3263 535 3368 praeparent.
575 3278 660 3381 Qua
685 3277 731 3352 de
756 3301 795 3351 re
821 3279 944 3376 §aesar
970 3281 1100 3352 certior

133 3405 201 3478 per
220 3383 377 3486 indicem
400 3379 529 3468 faetus,
553 3387 655 3456 tertia
674 3387 791 3484 vigilia
802 3387 958 3486 legiones
971 3409 1000 3459 11
1014 3399 1100 3478 cuin

134 3493 303 3585 equitatu
321 3497 434 3566 mittit
455 3497 632 3568 abcessus
651 3499 718 3571 suis
737 3500 846 3571 millia
867 3501 1030 3595 passuum
1045 3521 1099 3589 x,

134 3620 249 3692 atque
266 3602 352 3676 in'de
373 3631 503 3705 magno
526 3633 679 3683 numero
700 3609 869 3682 srumenti
888 3613 1121 3683 onustosre-·

135 3709 227 3800 cipit
244 3712 281 3778 in
300 3707 411 3786 casira.
437 3716 584 3822 Quibus
603 3719 707 3789 rebus
720 3709 892 3818 cognitis,
906 3721 1096 3806 Labienus,

134 3818 333 3921 progressus
358 3847 379 3899 a
402 3824 605 3900 suia‘catnis
626 3829 739 3909 millia
759 3825 922 3927 passuum
948 3847 1097 3926 vtupet
1149 3925 1150 3934 ἵ

306 3979 316 4010 Ι
