2876 4572
347 341 858 472 Ausnnunnruo.
1020 423 1092 500 η,
1212 349 1217 362 ¹

124 557 613 649 lbissuisacieminstruxille
632 563 716 633 loco
737 561 915 656 superiore
925 561 1090 652 videret,

126 675 229 749 causa
249 675 476 770 interposita,
506 674 610 769 quod
633 676 660 744 is
685 674 724 744 in
744 669 904 766 aequum
929 698 1005 746 non
1031 675 1096 746 de·-

126 783 333 874 scenderet,
366 785 553 856 Marcellus
573 781 747 854 militibus
767 780 956 874 persuadet
968 800 1043 871 ‚·ut
1056 782 1094 854 se

127 897 167 968 in
189 897 296 970 castra
311 896 493 990 recipiant.
525 893 654 986 Itaque
676 891 795 985 copias
817 892 992 964 reducere
1007 918 1095 965 coca
1158 935 1159 939 =
1242 909 1246 920 '

127 1007 193 1100 pit.
219 1007 371 1093 Caffius,
402 1010 479 1100 quo
502 1004 604 1074 bono
618 1003 780 1090 valebat,
804 1001 1094 1097 Marcellumque

128 1117 315 1188 infirmum
335 1115 401 1187 elle
426 1114 581 1202 sciebat,
605 1111 774 1210 aggressus
796 1113 961 1207 equitatu
980 1113 1096 1214 legio*

129 1226 249 1297 narios
272 1226 316 1296 se
337 1225 567 1321 recipientes,
600 1227 805 1318 complures
827 1225 1031 1320 nouiffimos
1052 1227 1095 1298 in

129 1333 293 1407 fluminis
312 1337 400 1430 'ripis
425 1335 603 1408 interficit.
630 1335 725 1406 Cum
754 1335 825 1407 hoc
850 1335 1095 1427 detrimento,

15 1501 16 1510 ,
127 1445 221 1538 quid
246 1446 410 1517 transitus
435 1443 594 1516 fluminis
616 1413 1010 1539 vitiibifficultatisque
1034 1447 1100 1540 haq
1160 1455 1162 1460 ’

15 1591 17 1656 3
129 1552 261 1643 beret,
286 1555 473 1652 cognitum
495 1552 597 1642 ellet,
621 1552 809 1624 Marcellus
832 1553 937 1626 castra
954 1553 1093 1627 Baetim

15 1659 17 1668 ’
127 1666 316 1754 transfert,
337 1667 543 1758 xcrebroque
568 1684 723 1756 uterque
743 1663 901 1760 legiones
920 1664 958 1734 in
979 1665 1094 1738 aciem

96 1779 98 1785 ’
131 1777 275 1864 educit3
307 1801 429 1870 neque
449 1793 571 1848 tamen
596 1773 805 1872 confligitur
821 1783 973 1878 propter
996 1780 1096 1850 loco*

25 1945 29 1953 t
131 1901 215 1958 rum
234 1886 465 1959 difficultates.
491 1885 573 1955 Erat
598 1885 706 1977 copiis
727 1883 960 1980 pedestribus⁸
974 1889 1092 1960 multo
1112 1887 1164 1972 62ss

133 1993 271 2066 firmior
282 1997 486 2065 Marcellus:
507 1993 663 2064 habebat
677 1993 774 2062 enirn
788 2008 967 2082 veteranas
982 2045 993 2082 ,
1006 1999 1098 2066 mul.

15 2159 16 2162 ,
107 2097 256 2196 'tisque
281 2101 424 2196 proeliis
444 2117 621 2193 expertas
649 2085 813 2195 legiones.
846 2097 979 2168 Gallius
1011 2099 1097 2173 fidei

133 2211 263 2308 ¹tnagis,
284 2233 396 2302 quam
413 2208 537 2279 virtuti
560 2207 766 2305 legionum,
792 2205 1007 2279 confidebat.
1026 2209 1098 2280 Ita·

90 2326 94 2336 “
134 2341 233 2414 que,
253 2343 339 2392 cum
373 2319 476 2390 castra
495 2315 618 2388 castris
639 2315 764 2384 collata
789 2313 916 2402 ellent,
944 2317 977 2389 8c
1001 2318 1098 2390 Mar·
1196 2393 1202 2408 ,

133 2432 245 2502 tellus
265 2429 387 2502 locuin
402 2427 578 2500 idoneum
591 2427 729 2498 castello
744 2425 908 2520 cepillet,
925 2422 1000 2521 quo
1014 2453 1098 2527 pro·

15 2531 16 2538 ἵ
134 2541 260 2614 hibere
274 2564 367 2634 aqua
384 2539 556 2610 Caffianos
567 2535 699 2631 pollet3
722 2536 907 2634 Longinus
921 2538 1098 2628 ,veritus,

39 2661 50 2669 *
134 2669 183 2722 ne
206 2673 333 2748 genere
348 2650 509 2744 quodam
527 2645 722 2719 obfidionis
739 2645 964 2718 clauderetur
988 2650 1025 2718 in
1042 2673 1099 2722 re·

133 2762 301 2860 gionibus
326 2761 447 2832 alienis
474 2759 612 2852 sibique
634 2755 787 2845 infestis,
814 2752 926 2828 nodu
957 2759 1096 2832 silentio

135 2893 182 2942 ex
204 2871 316 2970 castris
333 2869 585 2966 proficiscitur,
615 2868 796 2960 celerique
820 2867 948 2938 itinere
973 2869 1098 2953 'Uliam

96 2983 100 2992 ’
134 2983 352 3055 contendit:
375 2981 565 3077 quod·s1bi
594 2981 700 3052 fidele
726 2980 792 3052 elle
819 2981 999 3076 oppidum
1022 3007 1098 3054 cre·

135 3089 257 3164 debat.
286 3093 343 3162 lbi
369 3091 460 3163 adeo
481 3085 673 3162 coniuntia
692 3092 798 3184 ponit
823 3092 1016 3162 moenibus
1040 3091 1099 3164 c'a·
1122 3145 1124 3150 ,
1148 3105 1162 3158 t
1203 3179 1206 3186 ⁴

133 3203 223 3294 stra,
245 3203 339 3276 ut8c
363 3203 434 3275 loci
448 3221 595 3292 natura,
630 3206 816 3298 (namque
842 3205 922 3276 Ulia
942 3205 981 3274 in
999 3205 1101 3276 edito

133 3327 263 3386 monte
284 3313 505 3413 pofitaest,)
530 3313 651 3408 &ipsa
674 3313 878 3385 munitione
903 3315 1001 3384 urbis
1029 3335 1101 3386 un·

134 3424 249 3520 dique
274 3425 325 3496 ab*
340 3425 612 3522 oppugnatione
637 3440 737 3496 tutus
761 3423 853 3497 essct.
876 3427 987 3498 H'unc
1006 3427 1102 3498 Mar·

46 3592 54 3600 ,
133 3538 246 3606 celius
282 3533 503 3626 insequitur,
541 3533 599 3620 8c,
639 3559 749 3628 quam
782 3538 948 3630 proriime
985 3535 1101 3632 potest

132 3643 278 3733 Uliam,
312 3645 416 3716 castra
443 3645 554 3715 tastris
579 3644 744 3732 confert;
772 3647 1013 3740 lo'torumque
1041 3670 1102 3717 co·

138 3755 237 3846 gnita
261 3768 412 3840 natura,
444 3778 521 3846 quo
540 3743 703 3824 ¹maxime
726 3780 802 3824 rem
829 3755 1008 3827 deducere
1035 3779 1102 3826 vo·

128 3861 254 3952 lebat,
284 3863 482 3938 neceffitate
504 3863 552 3938 est
579 3860 775 3956 addutlus,
806 3881 847 3938 ut
869 3890 992 3961 neque
1006 3887 1103 3938 con·
