2876 4572
307 360 389 463 τηε
478 357 551 484 ne
574 329 731 437 rum
756 354 902 437 ervrn
927 353 1012 436 ru.
1040 299 1116 439 rn

309 515 483 610 ficiebant'
508 516 685 623 angustiae
700 611 703 620 „
716 518 839 627 locis)
872 529 1067 624 paucisque
1094 529 1281 623 utrimque

240 675 243 692 ι
307 629 525 724 interfectis,
547 635 689 724 Caesar,
710 638 788 708 loca
806 639 963 710 maxime
978 637 1161 710 necessaria
1178 661 1281 711 com-

308 749 471 845 ⁴plenus,
500 741 612 819 nediu
650 749 866 842 praemunit.
899 749 982 821 Hoc
1014 743 1126 822 tradlu
1150 750 1281 845 oppidi

311 881 393 955 pars
415 874 487 930 erat
504 857 618 956 regiae
642 859 786 955 exigua,
806 857 845 928 in
866 875 976 954 quarn
997 859 1072 954 ipse
1092 857 1304 932 habitandi.

310 970 416 1046 causa
441 969 544 1039 initio
569 987 642 1038 erat
669 962 862 1057 induetur,
894 968 927 1042 u
958 968 1160 1058 theatrum,
1191 993 1281 1041 con·

313 1078 482 1154 iundlum
516 1080 667 1169 domui,
699 1082 803 1176 quod
836 1082 920 1154 arcis
950 1082 1099 1154 tenebat
1128 1086 1281 1173 locum,

313 1192 507 1284 aditusque
521 1190 677 1262 habebat
692 1191 739 1264 ad
757 1199 930 1287 portuna',
947 1193 979 1264 8c
998 1195 1044 1264 ad
1062 1194 1201 1287 reliqua
1220 1219 1282 1267 na·
1314 1211 1332 1228 ⁴

312 1303 416 1374 valia.
444 1301 516 1376 Has
540 1304 760 1375 munitiones
781 1299 1051 1395 insequentibus
1080 1305 1180 1376 auxit
1208 1305 1283 1376 die-

311 1408 404 1503 bus,
438 1433 480 1487 ut
499 1439 567 1510 pro
591 1439 698 1486 muro
719 1411 873 1485 obiedlas
891 1413 1059 1502 haberet,
1078 1437 1152 1486 neu
1174 1415 1283 1488 dimi·
1346 1456 1351 1471 ·

226 1537 232 1548 '
315 1551 394 1600 care
417 1526 551 1614 invitus
565 1537 768 1622 ‘cogeretun
792 1519 943 1594 interim
961 1521 1035 1593 filia
1056 1522 1178 1595 minor
1198 1525 1285 1596 Pto-

313 1637 442 1710 lemaei
473 1637 586 1736 regis,
618 1661 767 1708 vacuam
796 1633 1039 1728 possessionem
1068 1635 1171 1734 regni
1201 1635 1282 1730 spe-

311 1761 415 1832 tans,
449 1745 495 1815 ad
516 1744 680 1816 Achillan
703 1744 772 1814 sese
799 1767 844 1813 ex
861 1743 956 1841 regia
973 1739 1165 1832 transieci't,
1191 1769 1281 1816 una·

316 1879 392 1949 que
426 1855 567 1926 bellum
593 1854 832 1926 administrare
861 1858 991 1948 coepit.
1024 1853 1095 1926 Sed
1122 1856 1282 1928 celeriter

222 1993 226 2008 t
315 1964 368 2038 est
397 1965 573 2037 intereos
605 1965 653 2036 de
681 1965 884 2058 principatu
915 1965 1152 2038 controverfia
1174 1982 1281 2050 orta3
1397 1986 1399 1994 ’

309 2098 414 2172 quae
435 2103 488 2150 res
505 2077 602 2172 apud
625 2077 754 2160 milites
776 2072 977 2172 largitiones
999 2074 1120 2144 auxit:
1146 2073 1285 2172 magnit

313 2191 416 2262 ‘enirn
445 2187 584 2262 iusiuris
610 2189 673 2286 sibi
695 2189 860 2282 quisque
877 2211 1005 2258 eorum
1030 2186 1166 2256 animos
1182 2207 1282 2256 'cun-

188 2371 191 2377 .
313 2305 471 2374 'eiliabat-
500 2303 597 2374 Haec
622 2301 711 2374 dum
738 2297 835 2394 apud
862 2297 975 2368 hostes
996 2315 1193 2396 geruntur,
1212 2295 1282 2366 Po·

312 2415 462 2500 thium,
485 2411 657 2484 nutricius
674 2411 800 2504 pueri,
823 2407 855 2482 8c
876 2405 1224 2502 procurato'rregni,
1241 2407 1282 2477 in

310 2531 421 2622 ‘parte
447 2522 610 2611 Caesaris,
635 2521 784 2593 eumad
806 2517 971 2592 Achillan
996 2518 1143 2589 nuntios
1162 2518 1283 2590 mitte·
1334 2549 1337 2558 ·

307 2649 400 2718 'ret‚
427 2634 725 2724 hortareturque,
746 2652 794 2699 ne
816 2627 960 2724 negotio
983 2624 1175 2720 deflueret,
1189 2647 1284 2697 neve
1339 2643 1341 2650 ⁴

286 2735 648 2832 ·'anim0'deficeret,
674 2737 836 2809 indicatis
859 2737 1155 2834 deprehensisque
1180 2737 1283 2808 inter·

309 2853 482 2939 nuntiis,
512 2852 691 2922 aCaesare
721 2849 769 2921 est
797 2843 1012 2922 interiectus.
1053 2845 1155 2922 Haec
1182 2847 1285 2920 initia

313 2962 412 3038 rhelli
433 2960 664 3036 Alexandrini
685 2959 843 3036 suerunt.

577 3269 581 3280 “
690 3253 922 3320 -ht-n
