2852 4578
429 332 861 426 AFR-lano.
1059 341 1134 445 ln

169 527 210 585 te
229 510 341 585 aciem
361 497 557 606 Scipionis,
582 533 694 606 quem
712 509 793 579 luis
800 503 1065 602 impedimento
1083 503 1132 576 ad

166 626 268 728 ultro
289 623 552 696 occurrendum
577 621 653 693 fore
675 619 905 692 existimabat.
930 617 1018 691 Non
1042 615 1133 690 arbi·
1119 617 1198 711 59

169 746 245 801 tror
262 727 326 801 elle
341 725 719 823 praetermittendum,
739 719 1056 820 quemadmodum
1074 745 1134 792 ex·

172 843 302 914 ercitus
323 841 512 934 utriusque
534 838 694 910 fuerint
686 859 724 908 1n
743 836 856 910 aciem
872 828 1040 906 inllrutsii.
1063 831 1169 912 Sci·

71 1026 75 1035 ,
169 954 236 1050 pio
252 952 323 1022 hoc
340 950 454 1030 modo
465 947 579 1022 aciem
593 948 732 1022 direxit.
761 945 994 1020 Collocabat
985 969 1023 1014 an
1037 943 1135 1016 frou⁴

169 1077 209 1132 te
230 1061 304 1132 suas
323 1059 355 1132 8<
376 1058 489 1133 lubae
507 1055 684 1156 legiones:
710 1055 833 1152 postea
855 1064 978 1127 autem
999 1052 1135 1127 Numi⁴
1245 1141 1248 1156 Ι

169 1171 234 1242 das
253 1171 290 1240 in
308 1169 507 1242 subsidiaria
528 1170 602 1240 acie
619 1171 667 1238 ita
683 1184 916 1255 extenuatos,
943 1166 1030 1238 &iu
1052 1166 1136 1234 lons

170 1280 377 1378 gitudinem
394 1274 566 1368 direiios,
586 1297 628 1350 ut
641 1281 771 1373 procul
781 1279 935 1373 simplex
956 1275 1021 1347 elle
1043 1275 1135 1346 acies

69 1443 74 1455 ι
172 1391 296 1465 media
309 1391 354 1462 ab
368 1391 565 1489 legionariis
577 1376 754 1468 militibus
773 1389 975 1472 videretur,
1002 1388 1041 1458 in
1055 1411 1137 1458 cot*

94 1525 101 1538 ·
171 1501 283 1573 nibus
299 1520 420 1572 autem
435 1501 574 1595 duplex
587 1499 653 1571 elle
666 1499 940 1574 existimabatur.
956 1495 1135 1591 Elephan·

172 1626 230 1682 tos
244 1607 373 1684 dextro
387 1609 594 1703 sinistroque
607 1633 723 1680 cornu
735 1610 987 1692 collocaverat·,
1004 1625 1136 1698 aequa·

160 1721 269 1792 libus
288 1721 382 1792 inter
400 1745 460 1791 eos
479 1720 670 1792 intervallis
683 1713 892 1791 interiedlis:
913 1717 1136 1813 pollentem
1175 1718 1180 1737 “

172 1831 383 1924 elephantos
407 1833 600 1902 armaturas
623 1831 719 1900 leves
742 1827 989 1920 Numidasque
1010 1825 1137 1897 subliio'

124 1981 128 2001 ε
170 1956 290 2012 tuerat
313 1943 507 2013 auxiliares.
540 1941 751 2035 Equitatum
780 1942 959 2012 frenatum
990 1940 1136 2009 univer⁴

130 2082 133 2086 ·
171 2046 253 2118 sum
270 2049 308 2118 in
324 2050 390 2120 suo
412 2049 540 2120 dextro
559 2073 672 2120 cornu
696 2049 937 2143 disposuerat5
960 2047 1135 2117 sinistrum

174 2158 275 2250 enirn
305 2181 419 2230 cornu
443 2158 582 2281 oppido
605 2159 704 2230 Uzita
729 2157 988 2244 claudebatur,
1013 2181 1137 2248 neque
1258 2171 1296 2240 Α,

172 2257 414 2358 eratspatium
430 2266 608 2360 equitatus
622 2267 833 2362 explicandi.
865 2269 1046 2352 Praeterea
1064 2267 1166 2338 Nu·
1191 2285 1199 2308 ³

173 2373 289 2445 midas
310 2375 469 2467 levisque
496 2389 693 2488 armaturae
721 2375 898 2446 infinitam
927 2375 1159 2446 multitude·-

172 2507 262 2554 nem
282 2482 329 2554 ad
350 2483 514 2554 dextram
533 2502 672 2578 partem
690 2484 774 2556 suae
793 2487 881 2576 aciei
901 2483 1137 2579 opposuerat,

171 2581 247 2666 fere
267 2587 493 2666 interiedio'
474 2619 551 2667 non
574 2597 702 2690 prinus
715 2617 748 2667 ru
769 2595 931 2690 pallnum
949 2594 1087 2689 spatio,
1103 2594 1137 2664 ilc

172 2705 223 2778 ad
241 2707 339 2778 collis
359 2706 489 2780 radices
509 2709 619 2808 magis
638 2711 839 2804 appulerat,
859 2709 1074 2806 longiusque
1088 2707 1137 2778 ab

170 2817 455 2889 adversariorum
470 2818 611 2912 suisque
624 2819 734 2912 copiis
746 2834 993 2914 promoverat:
1010 2816 1049 2887 id
1064 2818 1136 2889 hoc

167 2928 336 3034 consilio,
364 2944 424 3015 ut,
449 2953 533 3000 cum
555 2929 644 3001 acies
661 2930 753 3002 duae
774 2931 867 3000 inter
884 2929 918 2999 ie
940 2928 1138 3016 concurriif

171 3037 254 3108 sent
272 3036 376 3111 initio
396 3040 616 3129 certaminis,
638 3045 765 3136 paullo
782 3043 923 3140 longius
942 3042 1016 3114 eius
1034 3042 1137 3142 equi·

171 3164 269 3224 tatus
289 3146 545 3221 circumvectus
567 3176 613 3222 ex
631 3151 1027 3246 improvilo'clauderet
1042 3151 1136 3220 mul-

172 3241 333 3328 tiiudine
358 3256 418 3332 sua
449 3260 646 3332 exercituin
670 3261 840 3350 Caesaris,
866 3279 976 3356 atque
994 3265 1136 3355 penui-¹

172 3369 302 3442 batum
324 3365 444 3438 iaculis
464 3369 666 3466 conligeret.
687 3371 784 3443 Haec
800 3371 868 3444 fuit
886 3371 976 3441 ratio
997 3363 1137 3465 Scipio-

173 3475 230 3548 nis
248 3501 292 3546 eo
321 3476 380 3547 die
401 3478 612 3571 proeliandi.
645 3481 793 3552 Caesaris
812 3495 933 3552 autem
957 3480 1045 3550 acies
1066 3480 1136 3549 hot
1149 3475 1207 3553 60

175 3583 291 3654 modo
312 3583 380 3654 fuit
398 3587 599 3675 collocata,
627 3604 669 3659 ut
694 3588 742 3660 ab
762 3591 948 3660 sinistro
919 3613 992 3659 erus
1018 3606 1135 3658 cornu

174 3687 318 3778 ordiar,
335 3691 429 3764 &ad
449 3694 625 3768 dextrum
639 3699 858 3792 perveniam
880 3698 1044 3768 Habuit
1038 3721 1076 3790 ¹¹.¹
1092 3695 1136 3766 sc*
1234 3773 1238 3780 ,

173 3785 283 3868 nistro
303 3821 420 3874 cornu
435 3803 616 3904 legionem
630 3809 877 3902 1X‚v111,in
903 3808 1047 3894 dextra
1057 3809 1136 3877 cors

870 3902 944 4004 Sa
