2876 4572
279 335 407 470 [1130
551 365 849 452 nonnum
887 365 1074 464 εινιιι
1111 437 1117 448 ,
1195 451 1200 460 .

332 516 446 624 [patio
454 579 473 618 .,
500 527 654 600 &tantis
678 529 964 618 munitionibus,
989 529 1024 601 sc
1046 540 1127 600 toto
1146 525 1299 612 obsidio-3

332 641 386 712 nis
409 663 557 738 genere,
575 656 654 712 tum
669 640 774 710 etiam
792 639 935 733 reliquis
952 638 1070 710 rebus.
1081 638 1193 710 ·Nam
1211 638 1291 731 qui·
1368 623 1376 636 ’

282 777 290 788 ·
333 772 481 841 cunque
499 749 651 820 alterum
681 749 843 820 obsidere
866 747 982 820 conati
1011 747 1119 834 sunt,
1148 747 1294 840 percul-'

332 861 386 933 sos
397 875 507 953 atque
526 858 685 930 infirmos
707 859 822 928 hostes
839 858 980 947 adorti,
999 875 1063 930 aut
1082 858 1220 953 proelio
1233 859 1289 930 su·

325 957 496 1066 'peratom
515 984 581 1039 aut
608 968 729 1059 aliqua
756 967 950 1040 offensione
970 987 1156 1062 permotos
1175 971 1290 1042 conti·
1387 971 1390 980 ’

330 1092 515 1164 aruerunt,
538 1099 624 1150 cum
652 1075 725 1169 ipss.
742 1099 896 1146 numero
922 1075 1079 1148 militum
1104 1079 1291 1170 equitum·

329 1215 404 1284 que
435 1188 668 1282 praestarent:
703 1185 803 1258 causa
834 1203 954 1278 autem
983 1177 1175 1262 obfidionis
1201 1189 1288 1260 haer.

329 1300 403 1372 fere
428 1297 493 1372 esse
517 1297 724 1394 consuevit,
752 1314 794 1368 ut
816 1295 1001 1369 frumento
1023 1298 1137 1369 hostes
1163 1299 1286 1392 prohi-

332 1411 498 1514 beantur
526 1407 575 1478 At
599 1425 744 1498 contra,
775 1409 930 1506 integrus·
953 1425 1061 1502 atque
1089 1408 1287 1480 incolumes

266 1531 268 1540 '
331 1519 449 1614 copias
474 1519 596 1591 Caesar
618 1517 783 1591 inferiore
805 1520 964 1590 militum
991 1543 1144 1592 numero
1171 1520 1288 1592 conti

313 1623 460 1717 ¹nebat3
487 1654 571 1703 curn
595 1629 648 1700 illi
673 1631 837 1702 omnium
865 1655 984 1702 rerum
1005 1630 1109 1723 copia
1128 1629 1288 1702 abunda·

331 1756 435 1812 rent:
464 1737 628 1831 quotidie
652 1738 750 1808 enim
782 1761 932 1834 magnus
950 1737 1149 1836 undique
1138 1739 1287 1810 navium

330 1871 503 1922 numerus
526 1848 783 1934 conveniebar,
815 1872 908 1940 quae
931 1865 1175 1920 commeatum
1202 1849 1287 1943 sup·

301 2037 307 2048 ,
327 1972 511 2052 portarent
523 1983 532 2042 ;
546 1979 666 2050 neque
681 1945 872 2031 ulius'flsre
884 1972 1015 2028 ventus
1028 1975 1179 2052 poterat,
1193 1960 1286 2051 quin

326 2059 445 2162 aliq-ua
458 2089 503 2140 ex
521 2084 620 2161 parte
636 2055 837 2160 secundum·
844 2068 987 2140 cursum
997 2067 1183 2140 baberent.
1205 2069 1287 2163 Ipse‘

286 2265 291 2280 ,
325 2194 471 2265 autem,
498 2177 690 2249 consumtis
716 2178 886 2250 o'rnnibus
905 2180 1014 2278 longe
1044 2183 1187 2272 iateque
1204 2179 1285 2252 sru‘

328 2287 478 2372 mentis,
510 2286 656 2358 summis
684 2300 757 2356 erat
785 2285 822 2356 in
851 2286 1037 2384 angustiis:
1070 2285 1131 2358 sed
1161 2307 1284 2360 tamen

325 2395 415 2466 haec
437 2394 599 2490 singulari
616 2393 785 2486 patientia
801 2394 930 2465 milites
955 2395 1127 2469 ferebant.
1151 2397 1287 2470 Βεσοιέ

328 2505 508 2576 dabantur
527 2503 646 2590 enirn,
665 2504 792 2574 eadem
810 2503 844 2574 se
861 2481 1041 2598 superiore
1060 2529 1155 2582 anno
1168 2507 1206 2577 in
1219 2509 1286 2580 Hi·

326 2614 447 2706 spania
471 2609 669 2707 perpessos,
693 2611 814 2682 labore
845 2611 1063 2706 &patientia
1083 2617 1285 2690 maximum

326 2722 466 2794 bellum
486 2720 691 2793 confecisse:
711 2719 971 2809 meminerant,
986 2724 1033 2794 ad
1046 2723 1286 2796 Alesiamma·

325 2855 433 2929 gnam
452 2832 517 2904 se
508 2830 667 2925 mopiam
685 2831 881 2926 perpessos,
907 2836 1027 2908 multo
1042 2836 1149 2908 etiam
1169 2839 1285 2908 maio-

327 2965 403 3012 rem
421 2942 468 3012 ad
493 2941 703 3028 Avaricum,
728 2943 965 3016 maximarum
988 2947 1022 3017 fe
1048 2948 1209 3044 gentium
1227 2949 1284 3018 vi·

324 3027 436 3118 stores
458 3048 646 3120 disceffisse
676 3047 781 3138 Non,
813 3052 880 3122 illis
907 3053 1085 3126 hordeum
1106 3081 1191 3127 cum
1220 3056 1297 3134 da.

323 3173 444 3246 retur,
473 3183 548 3230 non
581 3159 762 3256 legumina
789 3161 1014 3234 recusabant.
1046 3187 1154 3286 pecus
1173 3170 1280 3252 vero',

310 3268 441 3338 'cuius
451 3269 501 3340 rei
526 3270 665 3341 suiuma
695 3287 768 3340 erat
788 3293 834 3342 ex
859 3271 967 3364 Epiro
996 3273 1122 3367 copia,
1147 3297 1280 3371 magno

261 3365 334 3461 48
325 3397 364 3444 ιιι
384 3376 523 3446 honore
540 3377 730 3449 habebant.
758 3377 813 3448 Est
833 3381 940 3452 etiam
956 3405 1067 3479 genus
1083 3382 1233 3456 radicis
1224 3409 1282 3456 rn-

323 3499 474 3554 ventum
495 3483 583 3554 ab'
561 3507 621 3573 ns,
648 3507 713 3578 qut
703 3484 871 3562 fuerant
883 3512 967 3560 cum
987 3489 1144 3579 Valerio,
1172 3492 1278 3584 quod

320 3593 519 3684 appellatur
531 3596 655 3683 chara,
673 3598 776 3690 quod
790 3599 994 3670 admixtum
1014 3595 1102 3672 lasse
1117 3605 1278 3677 multum

320 3699 481 3794 inopiam
503 3704 650 3776 levabat.
670 3707 713 3776 Id
740 3707 785 3776 ad
813 3709 1080 3782 fimilitudinem
1108 3713 1215 3807 panis¹
1228 3711 1281 3783 'ef-

293 3809 296 3814 '
318 3807 496 3884 siciebant.
526 3811 608 3886 Eius
636 3835 709 3887 erat
728 3841 857 3915 magna
887 3819 997 3915 copia.
1029 3819 1084 3893 Ex
1103 3823 1174 3896 hoc
1197 3820 1279 3896 effe·
