2858 4572
71 427 153 506 μ
415 310 762 462 cresson
895 495 897 502 ι
1024 351 1076 490 r,

121 569 211 642 quoe
237 543 337 641 ireile
357 545 466 620 nostri
489 531 710 644 repellebant
739 543 890 636 militer,
921 547 1075 647 magrur-

119 658 305 751 queunte
335 656 438 730 illatis
462 657 707 744 detrimentis,
733 680 817 745 eos,
840 657 904 752 qui
922 657 1075 751 eruptio}¹

119 790 202 856 pern
218 766 391 858 fecerant,
415 769 453 839 in
478 759 658 864 oppidum
680 769 896 844 reiiciebant.
923 767 1071 842 Interim
1087 779 1113 869 3·

120 875 157 948 L.
169 877 347 972 Nasidius,
368 878 414 950 ab
427 878 494 950 Cn·
508 879 683 974 Pompeio
704 903 788 952 cum
809 877 909 951 claffe
925 879 1075 956 navium

118 1002 208 1072 xvr,
232 984 270 1061 in
291 985 424 1077 quibus
445 1009 578 1078 paucae
598 1005 700 1059 erant
712 1004 865 1078 aeratae,
886 985 927 1058 L
945 984 1075 1060 Domi·

118 1091 167 1166 tio
190 1095 526 1189 Maffilierrfibusque
542 1097 698 1170 subsidio
713 1097 849 1189 milior,
875 1099 968 1172 freto
986 1097 1076 1192 Sici·

117 1203 199 1292 liae,
232 1203 463 1298 imprudente
502 1219 613 1299 atque
649 1206 862 1301 inopinante
892 1207 1074 1296 Curione,

116 1314 350 1408 provehitur:
380 1313 606 1408 appulsuque
624 1313 815 1388 Messanam
830 1315 999 1404 navibus,
1022 1332 1077 1388 at·

117 1424 295 1517 quoinde
322 1447 470 1520 propter
495 1427 728 1521 ‚repentinum
743 1445 924 1500 terrorem
946 1426 1077 1522 princi-

116 1561 205 1630 pum
220 1561 261 1608 ac
279 1535 419 1610 senatus
438 1537 522 1635 fuga
540 1534 654 1626 satia,
678 1561 725 1608 ex
746 1535 929 1608 navalibus
949 1559 1077 1608 eorum

117 1669 227 1717 unam
255 1645 414 1720 deducit.
437 1647 514 1720 Hac
526 1587 696 1719 adinniio
710 1644 757 1716 ad
776 1645 928 1738 reliquas
944 1666 1076 1732 nares,

117 1755 260 1828 cursum
285 1757 467 1828 Maffiliam
488 1756 607 1829 versus
635 1757 791 1850 perficitr
822 1755 1077 1850 praemissaque

116 1865 208 1937 clam
239 1868 423 1951 navicula,
471 1864 680 1962 Domitium
710 1865 1007 1958 Maffi'liensesque
1030 1864 1078 1941 de

29 2055 31 2074 Ι
117 1975 180 2050 suo
204 1977 363 2049 adventu
385 1979 548 2050 certiores
563 1978 669 2076 facit,
698 2001 832 2080 eosque
858 2001 1078 2075 magnopere
1159 2017 1200 2076 ‘.

116 2085 301 2174 hortatur,
332 2105 373 2158 ut
405 2086 524 2158 ruistis
559 2111 644 2158 cum
671 2087 771 2158 Bruti
796 2087 914 2175 claffe,
950 2081 1079 2162 additis

116 2193 185 2268 suis
202 2197 363 2288 auriliis,
388 2194 593 2293 confligant.
616 2195 856 2284 Massilienses,
871 2195 955 2291 post
973 2196 1117 2288 supe-ut

115 2309 189 2380 rius
216 2305 517 2396 incommodum,
535 2322 678 2378 ‘veteres
703 2307 750 2377 ad
771 2307 929 2379 eundem
950 2329 1081 2377 nume·

30 2471 31 2510 3
116 2440 199 2496 rum
229 2439 278 2487 ex
306 2415 490 2487 navalibus
517 2409 707 2510 productas
733 2440 839 2490 naves
863 2415 1079 2508 refecerant,

30 2519 31 2574 1
119 2527 331 2620 summaque
353 2526 521 2600 industria
541 2543 777 2606 armaverantr
799 2527 998 2624 (remigum
1016 2551 1080 2626 gu·

119 2636 427 2729 bematorumqne
440 2661 568 2734 magna
586 2627 1080 2745 copiasuppetebat3)pisca·

118 2746 296 2840 toriasque
323 2746 522 2818 adiecerant
545 2763 930 2844 atquecontexerant,
963 2739 1006 2816 ut
1027 2745 1080 2817 ese

31 2891 32 2950 3
118 2856 195 2928 sen-t
216 2857 264 2927 ab
276 2851 350 2928 iero
361 2860 519 2928 telorum
542 2855 692 2953 remiges
707 2856 799 2928 tuti-r
821 2857 882 2929 has
899 2856 1080 2956 sagittariis

86 3001 88 3006 ·
119 2969 380 3062 tormentisque
399 2971 684 3066 compleverunt
693 2965 791 3037 ’Tali
814 2965 927 3068 modo
951 2967 1079 3047 infima

120 3075 175 3150 &a
186 3077 305 3165 claffe,
320 3076 494 3148 omnium
509 3075 710 3162 seniorum,
728 3091 885 3148 matrum
903 3074 1080 3165 familiae,

120 3187 302 3288 virginum
325 3185 491 3280 precibus
514 3185 546 3257 8⁶
566 3184 655 3258 fletu
672 3185 835 3273 excitati,
856 3201 899 3258 ut
916 3191 1080 3262 extremo
1099 3236 1108 3258 t

96 3314 284 3390 .tempore
297 3296 439 3368 civitati
458 3293 715 3384 subvenirent,
741 3317 817 3374 non
843 3295 981 3372 minore
1001 3298 1079 3370 ani·

32 3477 37 3496 ,
120 3431 182 3480 ruo
202 3431 243 3478 ac
263 3406 416 3491 fiducia,
439 3431 548 3498 quam
562 3419 644 3479 ante
670 3405 950 3494 dimicas-erant,
971 3429 1081 3490 naver

32 3515 34 3554 ³
120 3515 375 3597 conscendunt.
401 3516 597 3590 Communi
619 3517 716 3594 enim
737 3514 779 3586 fit
795 3515 884 3588 vitio
906 3533 1078 3606 naturae,

121 3643 163 3698 ut
190 3627 320 3730 invisis,
350 3625 597 3712 latitantibus,
623 3636 732 3719 atque
758 3627 946 3722 incognitis
970 3627 1080 3700 rebus

32 3753 33 3782 ¹
121 3741 228 3837 magis
259 3733 509 3826 confidamus,
549 3737 868 3830 vehementiusque
902 3755 1077 3808 exterrea-

53 3903 54 3908 ,
123 3875 225 3925 mur:
247 3867 290 3925 ut
305 3868 384 3923 tum
401 3849 537 3924 accidit
560 3847 871 3938 Adventus-enim
887 3846 927 3922 L.
942 3843 1077 3954 Nafidii
