2858 4572
281 369 370 459 ‘34'
544 355 621 432 un
654 355 842 442 suino
880 357 1064 438 c1vn1
1194 363 1198 368 ’

315 516 459 620 tenuit,
487 529 598 611 atque
628 517 668 588 in
684 518 902 612 proximum
929 521 1063 595 collem
1090 514 1162 594 sese
1179 538 1292 610 reos!-

257 645 305 727 45
319 629 384 726 pit,
409 626 551 714 Caesar,
577 648 689 720 paene
713 626 817 698 omni
839 629 913 700 acie
933 629 1142 722 perterrita,
1170 627 1277 723 quod

316 758 457 834 praeter
489 734 709 828 opinionem
734 732 1109 830 consuetudinemque
1138 737 1280 810 accide-

316 861 390 936 rat,
406 845 611 917 cohortatus
627 842 729 930 suos,
765 843 945 942 legionem
963 870 1099 918 nonam
1123 847 1278 920 subssdio
1340 867 1349 875 “

200 1017 215 1048 ,
312 955 440 1048 ducit:
466 953 624 1042 hostem,
649 952 844 1046 insolenter
870 972 983 1050 atque
1001 957 1128 1030 acriter
1142 959 1283 1030 nostros

170 1057 172 1062 ¹
200 1107 202 1113 v
317 1068 595 1160 insequentem„
626 1062 842 1159 supprimit,
869 1065 1059 1162 rursusque
1084 1084 1181 1168 terga
1203 1079 1294 1141 vera¹

278 1173 289 1198 '
317 1193 394 1252 tere
408 1227 419 1266 ‚
433 1173 436 1180 ’
451 1175 561 1267 seque
584 1173 631 1246 ad
657 1173 837 1268 oppidum
862 1174 1015 1264 Ilerdam
1039 1177 1221 1272 recipere,
1245 1170 1288 1248 8:-

317 1289 384 1362 sub
408 1311 514 1358 muro
546 1283 729 1358 consistere
754 1285 860 1383 cogit.
884 1283 960 1358 Sed
987 1308 1106 1360 nonae
1130 1285 1282 1385 legionis
1363 1346 1376 1362 .

264 1427 266 1434 ·
318 1399 470 1486 milites,
491 1397 574 1468 elati
594 1394 714 1466 studio
725 1445 736 1484 ,
757 1393 852 1466 dum
877 1391 999 1466 sarcire
1011 1412 1201 1491 acceptum
1213 1397 1280 1470 de·

317 1507 531 1586 trimentum
560 1505 710 1594 velunt,
741 1517 876 1574 temere
900 1501 1052 1582 insecuti
1076 1503 1280 1603 fugientes,

317 1618 501 1700 inlocum
528 1614 699 1708 iniquum
721 1613 1020 1714 progrediuntur,
1047 1615 1158 1690 &sub
1173 1641 1284 1694 mou«

319 1743 420 1818 tem,
446 1726 485 1798 in
509 1748 586 1819 quo
603 1740 677 1796 erat
695 1725 878 1820 oppidum
891 1727 1048 1822 positum
1061 1727 1190 1817 Ilerda,
1207 1727 1284 1800 suo

321 1837 467 1912 redunt
495 1836 591 1908 Hinc
619 1835 665 1906 se¹
682 1836 839 1931 recipere
862 1863 946 1910 cum
972 1835 1131 1925 iellent,
1160 1838 1288 1912 rursus

319 1948 374 2019 illi
396 1971 442 2028 err
463 1947 545 2018 loco
564 1937 743 2040 superiore
765 1945 903 2018 nostros
925 1947 1150 2040 premebant.
1175 1948 1283 2020 Prae·

268 2113 272 2124 .
320 2073 450 2151 ruptus
469 2057 681 2142 messuerat,
702 2071 856 2149 utraque
870 2071 1030 2150 exparte
1048 2051 1218 2144 diredsus3
1239 2078 1282 2130 ac

268 2165 273 2174 ’
320 2181 464 2240 tantum
488 2162 527 2234 in
553 2163 785 2236 latitudinem
803 2150 974 2258 patebat,
1006 2178 1049 2236 ut
1066 2165 1284 2236 tresinstru-

320 2270 397 2370 §lae
420 2274 583 2345 cohortes
608 2297 692 2344 eum
718 2273 842 2346 locum
867 2275 1077 2366 explerent,
1101 2271 1135 2343 tc
1158 2299 1285 2367 neque
1418 2341 1419 2344 ,

320 2381 473 2470 subsidia
490 2379 690 2454 alateribus
711 2378 898 2467 submitti,
914 2403 1049 2474 -neque
1066 2379 1205 2472 equites
1226 2383 1283 2450 la·

321 2490 534 2566 borantibus
552 2489 631 2562 usui
656 2486 722 2562 else
739 2485 889 2580 possent·
914 2483 974 2556 Ab
996 2485 1136 2580 oppido
1157 2504 1281 2562 autem

323 2602 469 2690 'declivis
481 2603 581 2672 locus
602 2599 706 2670 tenui
724 2589 858 2694 fastigio
881 2595 1051 2694 vergebat
1067 2597 1105 2668 in
1123 2597 1294 2696 longitu3

324 2707 449 2788 dinem
471 2703 634 2803 passuum
657 2704 795 2778 circiter
811 2724 872 2776 cu.
909 2705 986 2776 Hac
1002 2705 1124 2781 nostris
1141 2723 1214 2778 erat
1225 2734 1282 2782 re·

259 2886 261 2890 ,
322 2836 471 2922 ceptus3
496 2815 600 2909 quod
625 2839 691 2902 eo,
722 2813 859 2888 incitati
881 2813 1020 2904 studio,
1049 2815 1283 2896 itrcotrsultius

324 2927 569 3028 processerant.
592 2925 675 2997 Hoc
696 2925 922 3024 pugnabatur
948 2927 1048 3014 loco,
1083 2925 1284 3022 &propter

326 3039 498 3138 angustias
527 3036 684 3130 iniquo,
714 3035 748 3110 dc
780 3036 882 3130 quod
907 3035 973 3107 sub
1003 3037 1083 3134 ipsis
1107 3038 1284 3114 radicibus

328 3147 461 3233 montis
480 3144 727 3231 constiterant,
753 3159 795 3216 ut
807 3147 952 3216 nullum
977 3144 1099 3218 frustra
1115 3150 1231 3220 telum
1243 3150 1284 3224 in

326 3281 390 3352 ⁸eos
411 3256 632 3350 mitteretur:
660 3263 781 3326 tamen
799 3250 984 3324 virtute&
1006 3257 1178 3348 patientia
1194 3259 1285 3330 nite·

328 3368 484 3456 bantur,
507 3383 618 3458 atque
641 3364 763 3436 omnia
783 3365 930 3435 vulnera
953 3363 1179 3462 sustinebant,
1207 3367 1285 3442 Au·

330 3477 507 3578 gebantur
531 3475 598 3546 illis
621 3473 768 3568 copiae,
798 3489 908 3565 atque
933 3495 978 3543 ex
996 3474 1287 3555 castriscohortes

330 3609 397 3681 per
423 3582 605 3678 oppidum
622 3582 745 3668 crebro
770 3579 1095 3684 submittebantur,
1127 3602 1170 3658 ut
1192 3586 1287 3662 inte·
1318 3581 1331 3646 '-

329 3693 386 3806 gri
405 3691 538 3764 defessis
555 3687 794 3764 succederent.
816 3689 899 3761 Hoc
913 3689 1018 3764 idem
1029 3689 1157 3782 ¹Caesar
1170 3691 1285 3766 facere

176 3782 182 3791 ¹
332 3803 549 3906 cogebatur,
573 3818 640 3896 ut,
658 3799 829 3884 sobmiffis
843 3801 885 3874 in
902 3800 1060 3878 eundern
1081 3803 1204 3882 locum
1224 3829 1287 3890 cos,-
