2876 4572
468 323 747 418 .L,1BER
794 323 880 398 111.
1114 340 1188 428 try

142 518 146 525 '
215 514 294 572 etat
321 493 414 568 edita
440 493 480 562 in
506 490 662 586 vulgus,
690 487 849 580 aliquam
878 483 999 557 Caesar
1021 484 1067 558 ad
1091 487 1186 560 inse.

216 605 411 703 quendum
442 601 647 670 facultatem
676 597 842 668 haberet:
887 596 1106 690 nuntiosque
1131 597 1183 670 'ad

219 741 306 792 eum
324 712 484 786 celeriter
505 707 642 795 mittit,
665 705 805 800 quibus
827 705 1032 804 regionibus
1051 707 1184 778 exerti·

218 848 302 901 turn
321 817 553 918 exposuiffet,
587 817 619 892 8c
642 815 733 910 quid
754 815 912 886 militurn
933 813 1183 888 transvexiiset.

220 935 323 1010 Haec
349 930 479 1002 eodem
506 927 581 1000 fere
608 945 774 1020 tempore
801 923 923 998 Caesar
941 940 1053 1020 atque
1077 927 1185 998 Pom·
1200 937 1250 1016 30

219 1046 324 1140 peius
356 1036 601 1136 cognoscunt:
635 1058 719 1106 narn
745 1027 995 1128 praetervectas
1026 1030 1183 1129 Apolio·

221 1159 320 1228 niam
340 1148 680 1244 Dyrrhachiumqne
701 1169 807 1216 naves
830 1144 1014 1232 viderant3
1039 1145 1103 1240 ipst
1116 1144 1183 1218 iter

219 1258 419 1358 secundum
444 1281 499 1327 eas
517 1271 606 1326 terra
625 1253 845 1339 direxerant5
881 1253 942 1325 sed
968 1279 1044 1350 quo
1076 1254 1184 1328 essent

221 1395 284 1442 eae
303 1369 454 1454 delatae,
480 1365 603 1460 primis
624 1363 751 1436 diebus
767 1365 1000 1464 ignorabant:
1022 1367 1183 1464 cognitas·

222 1500 369 1572 quere,
393 1472 524 1545 diversa
539 1470 603 1544 fibi
618 1471 728 1542 ambo
745 1472 887 1544 confilia
906 1467 1072 1567 capionis
1096 1474 1184 1546 cae-

221 1588 289 1674 sat,
309 1574 351 1656 u't
374 1608 485 1676 quarn
503 1581 664 1676 primurn
680 1579 817 1672 secum
845 1578 1008 1654 Antonio
1030 1583 1184 1654 coniun-

222 1711 343 1794 geret,
373 1691 587 1784 Pompeius,
613 1708 655 1762 ut
678 1691 906 1765 venientibus
931 1693 969 1763 in
993 1693 1119 1764 itinere
1148 1694 1183 1764 se

223 1816 448 1896 opponeret,
493 1797 517 1868 st
545 1795 792 1890 imprudentes
820 1823 865 1868 ex
897 1797 1026 1870 insidiis
1053 1799 1182 1872 adoriri

223 1913 337 2008 puiset
346 1927 357 1980 ἰ
380 1909 585 2002 eodemque
606 1908 664 1980 die
678 1927 842 2013 ‘uterque
860 1933 986 1982 eorum
1010 1935 1055 1981 ex
1073 1912 1185 1982 castris

221 2022 353 2094 stativis
384 2047 404 2092 a
440 2021 591 2091 flumine
627 2020 724 2114 Apso
762 2022 959 2091 exercitum
998 2021 1184 2110 educunt;
1262 2055 1269 2068 =

224 2133 419 2225 Pompeius
446 2130 536 2200 clam
564 2125 755 2216 deuotio,
782 2129 902 2200 Caesar
932 2132 1048 2224 palam
1074 2149 1188 2226 atque

223 2241 393 2315 interdiu.
428 2235 500 2310 Sed
524 2235 661 2309 Caesari
684 2237 836 2308 circuitu
860 2238 995 2310 maiore
1021 2238 1089 2311 iter
1113 2241 1208 2316 erat‘.

222 2352 386 2450 longius,
408 2348 554 2420 adverso
574 2341 725 2450 flumine
739 2401 749 2438 ,
765 2367 807 2420 ut
828 2349 920 2422 vado
942 2351 1085 2422 transire
1102 2345 1186 2446 [ios-

224 2463 295 2534 set:
317 2459 528 2558 Pompeius,
550 2457 634 2551 quie
658 2459 829 2552 expedito
849 2459 975 2530 itinere
1000 2457 1139 2531 flumen
1152 2462 1186 2531 ei

223 2571 482 2656 transeundum
511 2594 587 2640 non
621 2585 718 2658 erat,
749 2570 885 2670 magnis
919 2571 1104 2641 itineribus
1137 2571 1186 2642 ad

224 2683 428 2760 Antonium
451 2681 662 2772 contendit,
696 2699 831 2777 atque,
860 2707 946 2772 eum
974 2685 1036 2754 ubi
1056 2709 1187 2778 oppres

225 2797 400 2892 pinquare
419 2794 609 2892 cognovit,
627 2793 801 2864 idoneum
827 2795 949 2866 locum
972 2788 1111 2882 naritus,
1134 2796 1186 2866 ibi

227 2907 346 3002 copias
370 2906 575 2992 collocavit,
601 2903 754 2998 suosque
776 2929 900 2976 omnes
932 2905 1042 2975 castris
1071 2905 1189 3000 conti·

225 3020 332 3104 nuit,
363 3017 533 3114 ignesque
566 3015 641 3086 fieri
671 3013 875 3108 prohibuit,
905 3039 982 3108 quo
1010 3019 1184 3088 occultidt

227 3123 312 3200 effet
335 3123 410 3194 eius
433 3122 617 3192 adventus.
651 3119 749 3191 Haec
776 3120 822 3191 ad
847 3121 1050 3192 Antonium
1072 3125 1187 3194 statim
1227 3185 1230 3196 ,

227 3261 292 3332 per
308 3235 458 3306 Graecos
472 3232 692 3306 deferuntur.
718 3233 802 3319 ule,
821 3231 923 3304 miffis
940 3233 987 3304 ad
1005 3233 1186 3308 Caesarem

226 3345 381 3430 nuntiis,
408 3365 524 3412 unum
548 3342 644 3412 diem
676 3343 745 3414 sese
775 3341 886 3415 castris
912 3345 1053 3418 tenuit:
1076 3348 1187 3421 altero

228 3454 288 3524 die
307 3451 353 3522 ad
372 3475 455 3522 eum
480 3451 645 3546 pervenit
666 3451 796 3524 Caesar.
824 3453 933 3524 Cuius
952 3453 1109 3530 adventu
1126 3479 1183 3528 co·

227 3565 351 3660 gnitO,
392 3555 607 3655 Pompeius',
642 3585 689 3632 ne
717 3559 862 3632 duobus
886 3563 1187 3635 circumcludere*
1248 3627 1251 3633 .

228 3689 288 3741 tur
311 3665 539 3756 exercitibus,
566 3691 611 3740 ex
636 3694 680 3740 eo
701 3671 782 3741 loco
807 3670 981 3759 discedit,
998 3671 1185 3742 omnibus·
1225 3659 1229 3668 ’

227 3804 302 3878 que
325 3780 436 3878 copiis
453 3782 498 3855 ed
514 3779 746 3884 Asparagiuru
756 3781 1088 3952 Βγτήᾼεὲἱηοωω
1103 3783 1187 3878 pet·
