2852 4578
312 374 392 470 196
580 368 637 444 ‘D
662 365 693 448 E
730 370 824 446 'BE
847 373 880 446 L
901 372 936 447 L
961 371 1004 448 0

318 525 511 606 temptent
522 532 757 606 immoderate
768 531 955 630 peccandi,
969 535 1191 629 impunitatis
1201 553 1281 632 pro

236 689 238 698 ι
317 660 398 736 pter
411 643 647 714 maximasres
667 643 773 742 gestas
789 644 870 738 spe,
894 645 958 737 ipsi
978 643 1288 737 qnoqneintersl-.

317 765 493 822 serentur.
531 751 662 845 Itaque
683 777 808 826 omnes
827 752 1001 846 Scipionis
1019 755 1171 842 milites,
1191 780 1281 838 cum

317 859 428 949 fidem
445 861 593 933 Caesaris
606 864 863 958 implorarent,
874 861 1091 957 inspetlante
1105 865 1180 959 ipso
1191 866 1280 938 Cae-

317 965 412 1057 sare,
429 969 461 1041 sc
476 995 496 1039 a
509 971 683 1042 militibus
702 971 937 1064 deprecante,
952 977 1001 1042 eis
1013 973 1071 1043 uti
1080 989 1280 1064 parcerent,
1295 992 1299 1002 '

257 1077 305 1154 86
318 1081 362 1152 ad
377 1081 595 1154 unumsunt
617 1079 801 1154 interfesli.
822 1065 944 1152 Caesai
964 1083 1062 1152 trinis
1075 1083 1187 1154 cana
1206 1071 1276 1177 po·

316 1191 422 1276 titus,
441 1191 632 1284 occisisque
651 1191 803 1264 hostium
823 1208 849 1260 x
869 1189 1043 1277 millibus,
1074 1190 1278 1286 fugatisque

248 1311 251 1314 '
314 1299 636 1392 compluribus,se
647 1300 798 1393 recepit,
813 1298 1019 1370 Lmilitibus
1028 1300 1170 1385 amissis,
1188 1323 1279 1394 peu·
1304 1365 1309 1372 .
1380 1325 1386 1334 ·

316 1408 365 1480 cia
376 1407 514 1494 sauciis,
529 1411 566 1477 in
585 1409 689 1480 castra
702 1459 713 1496 ,
728 1431 769 1478 ac
786 1407 902 1478 statim
920 1431 965 1478 ex
978 1405 1105 1478 itinere
1114 1428 1195 1480 ante
1207 1433 1278 1502 op·
1407 1465 1416 1482 .

314 1511 444 1613 pidum
470 1518 653 1612 Thapsum
673 1517 851 1604 constitit,
874 1517 1156 1611 elephantosque
1177 1534 1275 1590 cxlv

309 1643 459 1698 ‘ornatos
490 1639 713 1718 armatosque
744 1651 828 1700 cum
861 1626 1016 1697 turrilnre
1043 1627 1279 1698 ornamentis·

259 1750 263 1758 ’
317 1755 391 1826 qne
414 1735 531 1828 capit,
558 1749 680 1830 captos
691 1751 774 1806 ante
785 1733 965 1827 oppidum
985 1733 1167 1805 instructos
1185 1758 1278 1806 con·
1348 1823 1351 1832 Ι

304 1842 451 1925 stituit:
479 1845 518 1916 id
540 1848 608 1918 boc
630 1847 795 1933 consilio,
812 1845 962 1939 saposlet
980 1845 1170 1942 Virgilius,
1190 1847 1276 1938 qni·

315 1977 391 2046 qne
412 1974 495 2024 cnm
526 1973 570 2025 eo·
588 1954 866 2040 obfidebantur,
883 1955 949 2036 ,rei
957 1956 1051 2024 male
1067 1954 1181 2050 gestae
1190 1953 1277 2024 suo-

314 2088 396 2134 rum
415 2063 550 2134 indicio
560 2090 581 2134 a
593 2065 784 2158 pertinacia
795 2065 937 2138 deduci.
948 2066 1091 2136 Deinde
1105 2067 1178 2160 ipse
1189 2067 1275 2138 Vir-

314 2167 440 2270 gilium
459 2174 671 2266 appellavit,
696 2174 934 2268 invitavitque
956 2174 1002 2244 ad
1022 2175 1245 2246 deditionem
1254 2214 1274 2265 1,
1291 2184 1296 2192 '

313 2281 489 2374 suamque
503 2283 734 2356 leantatemsc
759 2284 990 2365 clementiam
1010 2308 1274 2357 commemora·

314 2393 378 2462 rit.
399 2395 521 2499 Quem
534 2394 723 2488 postquam
742 2394 996 2496 animadvertit
1007 2393 1213 2500 responsum
1228 2396 1273 2466 fi-

315 2502 354 2574 bi
378 2521 453 2574 non
480 2503 595 2598 date,
609 2503 655 2574 ab
689 2501 828 2596 oppido
850 2502 993 2574 recessit„
1026 2504 1169 2574 Postero
1191 2503 1272 2592 die,

315 2613 434 2686 divina
453 2632 492 2684 re
507 2607 614 2700 faeta,
630 2616 805 2685 concione
817 2615 1007 2702 advocata,
1025 2617 1063 2687 in
1076 2611 1269 2710 conspesiu
1309 2699 1314 2712 ι

252 2770 257 2780 ·
315 2721 583 2816 oppidanorum
610 2724 742 2796 milites
763 2723 974 2795 collaudat:¹
990 2741 1184 2820 totumque
1210 2748 1277 2796 ex«

314 2833 465 2904 ercitum
490 2829 704 2904 veteranum
723 2833 890 2918 donavit,
918 2837 1072 2926 praemia
1086 2835 1268 2906 fortissimo

313 2943 448 3035 cuique
470 2965 510 3014 ac
527 2943 622 3014 bene
638 2943 788 3014 merenti
802 2967 872 3038 pro,
884 2943 1042 3041 sugg-estu
1064 2947 1208 3018 tribuit:
1226 2965 1267 3019 ae

312 3053 428 3126 statim
447 3055 534 3126 inde
549 3053 736 3152 digressus,
755 3055 883 3125 Rebilo
895 3058 1105 3149 proconsule
1119 3080 1203 3128 cum
1220 3071 1268 3128 111

312 3165 359 3236 ad
373 3164 557 3258 Thapsum
572 3163 793 3261 legionibus,
824 3165 933 3235 8ch
948 3166 1111 3238 Domitio
1134 3192 1218 3241 cum
1235 3185 1281 3245 11-
1356 3221 1360 3230 .

313 3273 481 3366 Tisdrae,
497 3279 559 3350 ubi
576 3279 762 3350 Considius
776 3293 949 3370 praeerat,
966 3276 1011 3346 ad
1027 3275 1265 3348 obsidendum

311 3381 456 3472 relictis,
478 3388 527 3458 M.
549 3381 704 3458 Messalla
722 3386 860 3457 Uticam
873 3404 954 3456 ante
977 3383 1161 3478 praemisso
1179 3407 1264 3455 cum
1364 3415 1370 3430 ,

254 3503 301 3601 87
315 3497 495 3588 equitatu,
507 3495 580 3590 ipse
590 3495 720 3572 eodem
731 3495 799 3566 iter
811 3493 924 3566 facere
939 3493 1136 3564 contendit.
1152 3493 1266 3585 Equi·

314 3622 366 3676 tes
384 3606 525 3676 interim
551 3604 746 3698 Scipionis,
770 3605 833 3698 qni
855 3631 900 3676 ex
920 3605 1056 3695 proelio
1080 3603 1264 3700 ingerant,

315 3737 398 3786 cnm
414 3715 553 3786 Uticam
566 3715 681 3786 versus
697 3716 765 3784 iter
784 3714 960 3798 facerent,
984 3713 1200 3806 perveniunt
1219 3708 1268 3780 ad

315 3821 495 3918 oppidum
517 3823 679 3896 Paradae.
692 3821 778 3897 Ubi
800 3845 888 3898 curn
908 3821 954 3906 ab
971 3821 1096 3898 incolis
1118 3843 1196 3894 non
1212 3843 1270 3892 re·

594 3971 629 4054 ,l¹
