2852 4578
383 359 822 438 ιιιιιοιιιιο.
977 309 1097 460 ,ιιι

124 509 271 616 quoda
293 523 452 596 Gaetulis
466 523 574 617 'saepe
595 537 699 592 antea
719 534 984 618 oppugnatum,
996 517 1096 592 sum·

10 631 12 648 '
63 643 66 660 ¹
122 643 259 725 mirque
285 633 321 704 vi
345 659 411 727 per
432 633 525 728 ipsos
556 631 758 729 oppidanos
778 646 866 712 ¹erat
893 619 1092 698 defensum.

10 743 12 782 ³
110 738 181 816 :Ibi
195 742 233 810 in
253 765 383 834 campo
406 741 518 812 casina
543 741 623 810 unis
641 739 780 832 posttis,
801 735 876 830 ipse
897 734 1096 819 frumenta«

108 867 207 922 tum
237 853 371 924 circum
398 851 497 922 villas
521 874 608 920 cum
637 865 739 942 parte
766 846 940 918 exercitus
970 843 1094 940 prose·

121 955 219 1048 dius,
236 983 373 1058 magno
390 963 540 1032 invento
557 959 705 1046 hordei,
722 958 816 1046 olei,
834 959 930 1045 vini,
948 957 1006 1028 fici
1021 981 1093 1028 nu-

110 1067 240 1156 mero,
254 1095 371 1164 pauco
384 1072 503 1158 tritici,
517 1088 628 1163 atque
643 1087 800 1141 recreato
814 1067 986 1153 exercitu,
995 1065 1090 1140 redit

114 1178 159 1250 in
184 1177 299 1250 castra.
333 1177 455 1273 Scipio
474 1181 645 1266 interim,
677 1177 824 1275 cognito
846 1175 994 1248 Caesaris
1022 1175 1093 1246 dis·

117 1287 238 1375 cessu,
258 1313 343 1360 cum
363 1287 532 1364 universo
549 1287 662 1388 copiis
676 1311 742 1382 per
763 1287 890 1382 iugum
905 1284 1089 1358 Caesarem

118 1397 292 1491 subsequi
306 1399 448 1492 coepit;
470 1415 581 1493 atque
599 1397 645 1468 ab
666 1397 740 1468 eius
759 1392 870 1468 castris
890 1396 999 1466 millia
1011 1393 1090 1489 pas-

117 1505 228 1582 suum
252 1509 313 1579 sex
333 1511 459 1606 longe,
481 1507 580 1578 trinis
605 1507 716 1578 castris
743 1505 929 1601 dispartitis
959 1506 1090 1601 copiis,
1123 1535 1127 1545 ·

117 1619 293 1716 consedit.
333 1617 526 1713 Oppidum
549 1634 623 1692 erat
645 1618 752 1706 Zeta,
775 1617 879 1712 quod
900 1616 1021 1690 aberat
1042 1618 1087 1690 ab
1104 1620 1155 1699 68

118 1726 291 1823 Scipione
309 1730 419 1802 millia
433 1728 594 1823 passuum
619 1749 666 1816 x,
692 1729 834 1804 adeius
858 1730 1089 1828 regionem&
1161 1753 1173 1788 ¹

117 1848 258 1932 partem
285 1840 477 1910 castrorum
498 1840 736 1925 collocatum,
762 1863 783 1910 a
802 1837 944 1912 Caesare
964 1855 1104 1914 autem!

115 1944 298 2016 diversum
320 1970 360 2020 ac
380 1964 586 2033 remotum,
610 1935 714 2038 quod
746 1962 820 2019 erat
845 1945 891 2017 ab
916 1971 959 2016 eo
980 1949 1088 2048 longe

115 2045 232 2124 miliia
249 2053 413 2148 passuum
429 2071 547 2125 xv111.
574 2054 658 2126 Huc
680 2051 799 2146 Scipio
819 2055 975 2153 legiones
999 2057 1086 2130 duas

10 2247 11 2250 Ἴ
114 2161 362 2236 frumentandi
383 2179 488 2260 grana
502 2160 603 2232 misit
631 2162 744 2267 Quod
760 2161 947 2257 postquam
965 2165 1086 2236 Caesar

10 2271 11 2284 '
115 2285 165 2343 ort
186 2272 334 2370 perfuga
359 2273 552 2382 cpgnovit,
581 2272 704 2349 castris
716 2296 762 2344 ex
785 2291 915 2370 campo
944 2277 982 2348 in
1009 2278 1087 2350 col·

114 2383 191 2454 lem
213 2408 253 2454 ac
276 2384 409 2458 tutiora
431 2384 750 2472 nocumentis,
758 2402 869 2478 atque
889 2387 940 2457 ibi
957 2387 1086 2482 praesi-

108 2495 180 2564 dio
199 2487 338 2579 rosido,
361 2493 435 2587 ipse
457 2511 581 2587 quarta
606 2493 723 2592 vigilia
749 2494 918 2590 egressus,
942 2505 1097 2588 praeter

26 2684 28 2688 .
109 2603 270 2674 hostium
290 2603 394 2675 casira
418 2603 650 2696 proficiscitur
671 2627 757 2674 cum
776 2604 907 2720 copiis,
929 2604 1085 2698 scoppi¹
1111 2677 1114 2680 ,

112 2717 166 2789 do
186 2717 334 2818 potitur
361 2715 536 2813 Legiones
556 2715 731 2812 Scipionis
749 2713 926 2810 comperit
941 2718 1082 2816 longius
1168 2754 1170 2758 ·

81 2901 88 2908 ,
111 2826 152 2902 in
175 2830 264 2926 agric
286 2829 517 2902 frumentari
543 2829 596 2918 sc,
618 2853 767 2902 tumeo
790 2827 1010 2899 contendere
1022 2853 1085 2900 co·

10 2941 12 2946 ’
108 2955 278 3025 naretur,
305 2938 576 3025 animadvertit,
598 2938 717 3031 copias
739 2918 934 3008 hostium”
913 2939 1084 3035 tralegio·
1135 2930 1137 2939 ⁴

10 3113 11 3116 ,
108 3047 222 3117 nibus
243 3069 425 3117 occurrere
446 3046 634 3140 suppetias.
666 3047 774 3148 Quae
798 3069 850 3114 res
872 3047 946 3116 eius
964 3047 1084 3142 impe·

48 3195 51 3200 ·
110 3169 195 3226 turn
215 3154 413 3226 retardavit.
438 3155 583 3246 Itaque,
601 3174 708 3248 capto
726 3154 766 3225 C.
783 3151 901 3226 Mutiu
913 3153 1050 3252 Regino
1066 3161 1094 3242 ‚⁴
1138 3226 1146 3243 ,

112 3267 238 3359 equite
253 3267 442 3354 Romano,
461 3265 634 3360 Scipionis
659 3265 938 3351 familiarissimo,
961 3265 1025 3358 qui
1045 3265 1078 3338 ei
1129 3297 1131 3302 ’

97 3373 252 3468 ¹oppido
265 3390 442 3466 praeerat
463 3374 550 3446 &R
566 3373 687 3468 Atrio,
708 3389 830 3467 equite
844 3375 1010 3446 Romano
1031 3373 1079 3447 de

106 3499 296 3558 conventu
326 3483 501 3570 Uticensi,
531 3483 562 3554 8(
584 3484 723 3554 camelis
745 3487 935 3582 xx11regis
958 3485 1077 3556 addu-

110 3583 188 3675 Εἰίι,
217 3591 387 3712 praefidio
408 3593 459 3678 ibi
482 3617 564 3663 cum
582 3592 708 3686 Oppio
725 3595 841 3690 legato
858 3588 990 3679 relisio,
1004 3573 1078 3687 ipse
1128 3634 1130 3640 ¹

109 3694 145 3769 se
165 3698 319 3790 recipere
338 3703 459 3795 coepit
480 3703 526 3772 ad
547 3703 661 3775 casim
685 3705 812 3776 Cum
803 3729 874 3776 ram
897 3727 972 3776 non
991 3707 1072 3775 lon
1092 3709 1143 3806 69
1234 3731 1236 3734 ·

75 3873 84 3898 ,
107 3826 153 3906 gc
173 3827 192 3882 a
213 3805 325 3914 casina
342 3807 516 3905 Scipionis
533 3810 684 3907 abesset,
713 3840 806 3940 quae
829 3840 928 3888 eum·
924 3810 1109 3914 necesse
