2876 4572
340 365 417 446 iss
553 359 629 436 nir
663 359 1101 478 introcurrit
1139 354 1145 362 ·

342 529 478 622 primus
500 523 546 596 ei'r
567 527 694 597 dextro
717 552 828 600 cornu
853 531 1051 624 procurrit,
1076 527 1184 626 atque
1207 531 1293 607 'euni

230 665 234 684 ·
341 639 472 709 milites
498 634 599 710 elesii
628 641 763 710 circiter
798 652 873 710 cxx
905 642 1113 712 voluntarii,
1131 641 1292 714 eiusdem

276 767 326 843 92
342 749 520 820 centuriae
549 749 631 818 sunt
663 749 851 842 prosecuti.
878 751 975 828 Inter
998 751 1085 823 duas
1104 756 1192 827 acies
1214 773 1293 826 tan·

342 874 422 927 tum
447 875 519 926 erat
539 856 701 928 residium
727 858 847 951 spatii,
871 877 913 932 ut
938 861 1013 932 satis
1037 861 1118 952 esset
1140 865 1187 936 ad
1203 889 1291 937 coir·

341 967 483 1036 enisum
507 969 688 1058 utriusque
713 970 899 1040 exercitui:
922 970 982 1041 sed
1007 967 1199 1068 Pompeius
1224 975 1290 1046 suis

340 1077 650 1173 praedixerat„ut
681 1076 827 1150 Caesaris
857 1081 1036 1172 impetum
1065 1085 1289 1178 exciperent,

339 1215 431 1262 neve
455 1190 489 1260 se
509 1191 590 1259 loco
613 1207 818 1278 moverent,
844 1195 1031 1286 aciemque
1045 1198 1121 1268 eius
1138 1191 1288 1269 'distrahi
1350 1203 1354 1210 '

247 1300 251 1314 ’
283 1339 286 1343 ·
337 1315 566 1396 paterentur:
604 1303 717 1396 idque
743 1302 931 1378 admonitu
963 1306 1002 1376 C.
1034 1307 1157 1379 Triarii
1176 1308 1291 1380 secisse

338 1413 547 1500 dicebatur,
581 1433 621 1484 ut
641 1413 776 1506 primus
799 1415 962 1484 excursus
983 1415 1111 1509 'visque
1131 1419 1288 1489 militum

336 1523 609 1622 infringeretur,
639 1523 799 1615 aciesque
818 1523 1097 1612 distenderetur,
1124 1545 1232 1619 atque
1247 1527 1287 1598 in

336 1632 404 1710 suis
434 1621 621 1700 ordinibus
657 1629 814 1723 dispositi
844 1630 1009 1723 dispersos
1039 1633 1283 1704 adorirenturi

335 1739 524 1831 leniusque
548 1738 662 1808 casura
682 1740 753 1831 pila
776 1738 960 1832 sperabat,
980 1741 1018 1808 in
1039 1743 1125 1812 loco*
1141 1741 1286 1812 retentis
1350 1737 1353 1746 ’

335 1847 529 1942 militibus,
565 1845 720 1938 quamsi
745 1846 810 1938 ipsi
834 1846 987 1916 immissis
1011 1851 1088 1918 telis
1118 1849 1285 1934 occurris,-

334 1959 430 2029 sent:
451 1958 554 2028 simul
574 1957 671 2044 fore,
702 1973 763 2044 ut,
789 1957 970 2049 duplicato
988 1957 1111 2046 cursu,
1136 1958 1285 2049 Caesaris

332 2069 463 2139 milites
476 2065 782 2152 exanimarentur,
808 2065 1047 2137 &lassitudine
1068 2067 1284 2138 conficeren-

331 2196 402 2249 tur.
427 2176 540 2282 Quod
560 2171 664 2266 nobis
688 2175 839 2268 quidem
866 2178 965 2252 nulla
989 2177 1126 2247 ratione
1150 2172 1283 2250 fassum

332 2316 354 2360 a
375 2291 550 2382 Pompeio
582 2287 739 2374 videtur,
765 2305 951 2380 propterea
975 2285 1077 2380 quod
1100 2289 1148 2358 est
1172 2301 1282 2379 quae·

332 2395 542 2467 damanimi
569 2395 727 2464 incitatio
755 2409 866 2487 atque
898 2395 1049 2464 alacritas
1077 2395 1281 2466 naturaliter

331 2509 450 2582 innata
479 2507 668 2594 omnibus,
704 2531 802 2597 quae.
820 2486 936 2580 studio
957 2529 1099 2602 pugnae
1119 2503 1280 2575 incendi·

331 2635 400 2689 tur.
420 2618 523 2688 Hauc
539 2641 614 2686 non
627 2617 839 2708 reprimere,
864 2616 924 2685 sed
943 2639 1068 2712 augere
1089 2617 1279 2708 imperato·

329 2749 383 2796 res
402 2725 555 2809 debent;
580 2749 701 2817 neque
724 2723 846 2810 frustra
865 2726 1060 2817 antiquitus
1079 2726 1279 2797 institutum

330 2834 379 2904 est
389 2871 407 2923 ,1
428 2851 468 2920 ut
488 2834 580 2932 signa
599 2833 762 2925 undique
786 2836 1041 2920 concinerent,
1069 2836 1279 2904 clamorem·

329 2970 404 3038 que
428 2945 577 3016 universi
603 2947 791 3016 tollerent:
826 2947 957 3038 quibus
983 2947 1141 3018 rebus&
1167 2947 1278 3016 hostes

267 3071 311 3148 93
331 3054 469 3140 terreri,
489 3051 520 3124 8t
543 3053 620 3122 suos
642 3053 776 3122 incitari
801 3053 1096 3123 existimaverunt.
1125 3053 1196 3122 Sed
1218 3076 1279 3122 no·

317 3163 387 3243 sssri
403 3164 548 3248 milites,
575 3163 658 3233 dato
679 3163 795 3258 signe,
824 3185 908 3231 cum
936 3163 1063 3234 infestis
1089 3165 1167 3257 pilis
1191 3189 1277 3256 pro·

330 3272 578 3358 cucurrissent,
603 3288 711 3362 atque
735 3271 1079 3358 animadvertissent,
1097 3293 1171 3340 non
1187 3293 1276 3340 con·

330 3381 423 3452 curri
448 3407 467 3450 a
488 3378 728 3472 Pompeianis;
773 3379 837 3449 usu
864 3379 991 3472 periti,
1025 3401 1065 3448 ac
1094 3377 1277 3468 superiori·
1340 3371 1341 3376 ἵ

331 3489 397 3560 bus
427 3489 552 3586 pugnis
586 3485 783 3575 exercitati,
811 3490 869 3560 sua
897 3491 1022 3580 sponte
1054 3487 1195 3556 cursum
1221 3511 1277 3556 re·
1318 3532 1323 3542 =
1367 3532 1377 3545 .

294 3655 297 3662 .
328 3597 540 3696 presserunt,
564 3598 658 3670 stad
676 3597 837 3668 medium
859 3598 930 3666 fere
952 3594 1101 3688 spatium
1115 3593 1276 3665 constite-

328 3723 433 3794 runt,
467 3732 514 3777 ne
543 3705 733 3776 consumtis
764 3705 896 3776 viribus
928 3704 1274 3796 appropinquarent;

327 3841 511 3912 parvoque
535 3812 725 3892 intermisso
749 3813 917 3909 temporis
939 3812 1073 3907 spatio,
1103 3813 1274 3888 aurursus
