2876 4572
369 373 847 467 'arare-nno.
1038 403 1118 488 tta
1215 373 1219 382 ’

147 557 233 629 lim:
266 555 450 649 conplura
471 571 650 649 praeterea
667 551 800 623 castella
824 547 1007 644 &oppida
1029 573 1109 620 non

148 668 258 762 longe
282 666 409 737 amari
429 666 609 757 relinquit.
645 663 838 756 Postquam
861 660 1105 732 Adrumetnm
1127 671 1152 759 ς’
1250 654 1253 664 ’

151 774 309 863 accessit,
327 775 412 867 (ubi
426 773 636 869 praesidium
658 790 731 842 erat
743 772 1036 860 adversariorum,
1049 771 1111 840 cui

152 902 310 981 praeerat
338 885 376 956 C.
394 883 625 977 Confidius,)
654 885 687 956 St
704 909 724 954 a
741 883 885 977 Clupeis
909 882 1111 954 secundum

154 1019 253 1067 oram
268 995 478 1066 maritimam
495 1018 578 1068 curn
599 995 759 1087 equitatu
776 991 965 1062 Adnrmeti
976 991 1041 1062 Cn.
1052 991 1112 1062 Pi-

74 1125 75 1130 ’
152 1105 192 1176 fo
215 1130 300 1176 cum
318 1103 529 1174 Maurorum
548 1102 683 1172 circiter
704 1101 815 1172 tribus
837 1101 995 1172 millibus
1007 1113 1113 1196 appa·

153 1217 246 1290 tuit:
265 1216 324 1288 ibi
342 1218 533 1311 paullisper
548 1215 670 1287 Caesar
687 1231 771 1286 ante
783 1232 930 1308 portum
949 1209 1114 1290 commo·

157 1345 274 1416 ratus,
301 1327 391 1398 dum
417 1329 574 1420 reliquae
593 1349 699 1398 naves
719 1325 972 1413 convenirent,
998 1347 1115 1418 expou

154 1437 211 1510 nit
235 1439 430 1512 exercitum
444 1463 454 1523 3
480 1437 583 1509 cuiue
595 1459 767 1506 numerus
782 1436 820 1506 in
835 1434 1030 1529 praesentia
1043 1433 1113 1504 fuit

156 1547 323 1642 peditum
343 1565 398 1616 111·
410 1547 538 1638 millia,
555 1545 732 1638 equitum
750 1563 819 1632 εις
843 1543 1029 1637 castrisque
1048 1569 1125 1615 ann.

155 1674 193 1736 te
215 1657 391 1751 oppidum
411 1656 548 1750 posuis,
570 1657 642 1728 sine
659 1655 787 1726 iniuria
799 1655 1014 1748 cuiusquam
1028 1679 1113 1725 con·
1145 1686 1150 1740 2

154 1765 269 1850 fedit3
294 1765 512 1857 cohibetque
528 1789 653 1836 omnes
664 1764 832 1858 apraeda.
853 1764 1042 1857 Oppidani
1058 1763 1116 1842 in,-

155 1875 259 1947 terim
274 1899 397 1945 muros
412 1872 550 1944 armatis
569 1874 752 1964 complent
768 1901 774 1941 :
795 1889 878 1943 ante
891 1892 1030 1965 portam
1047 1873 1117 1944 fre·

156 2001 309 2078 quentes
329 1983 518 2053 considunt
531 1981 577 2050 ad
590 1981 624 2050 se
638 1980 931 2052 defendendum:
954 1965 1117 2074 quorum

157 2117 328 2164 numerus
349 2111 379 2161 11
399 2093 584 2188 legionum
605 2090 702 2160 intus
721 2109 803 2162 erat.
829 2091 962 2176 Caesar,
980 2094 1116 2164 circum

157 2203 337 2297 oppidum
364 2198 506 2288 vetius,
542 2217 666 2272 natura
697 2202 767 2272 loci
791 2196 992 2295 perspetia‚
1023 2199 1119 2271 redit

155 2313 196 2386 in
221 2313 334 2384 castra.
365 2312 451 2383 Non
471 2335 580 2384 nemo
600 2313 726 2406 culpae
746 2313 818 2382 eius
839 2312 1119 2406 imprudentiae-
1176 2307 1179 2310 ’

157 2445 233 2514 que
250 2421 459 2518 assignabat,
493 2420 594 2513 quod
614 2445 738 2520 neque,
751 2439 893 2504 certum
906 2423 1028 2492 locum
1050 2445 1120 2518 gu*

157 2530 404 2602 bematoribus
416 2527 682 2626 praefestisqua
694 2557 806 2624 quem
825 2547 1004 2626 peterent,
1016 2555 1117 2636 prae·
1155 2567 1157 2572 v

157 2635 321 2737 ceperat}
350 2667 497 2736 neque,
523 2661 565 2717 ut
592 2667 670 2716 mos
690 2646 795 2740 ipsius
814 2643 1121 2737 consuetudoque·
1158 2691 1165 2706 ,

157 2753 397 2848 superioribus
424 2756 647 2848 temporibus
671 2755 807 2843 fuerat,
834 2755 979 2826 tabellas
1004 2756 1145 2853 fignaw

158 2879 211 2936 tas
229 2864 393 2952 dederat,
415 2881 456 2938 ut
476 2867 513 2936 in
531 2885 715 2961 ternpore,
733 2868 772 2939 iis
792 2861 973 2960 perletiis,
993 2869 1122 2938 locum*
1209 2923 1212 2930 .

159 2991 298 3048 certum
322 2977 667 3067 peterent'rrniversr.
691 2977 806 3081 Quod
823 2976 971 3046 minime
996 2973 1122 3046 Caesa·
1228 2981 1232 2989 '

162 3080 452 3154 remfefellerat:
481 3107 640 3176 namque
663 3087 806 3157 nullum
831 3101 978 3178 portum
1004 3099 1117 3154 terrae

159 3189 319 3274 Africae,
346 3213 422 3283 quo
446 3190 558 3264 claffes
579 3176 821 3280 decurrerent,
847 3218 916 3298 pro
939 3207 1036 3263 certo
1055 3179 1117 3270 tuq

160 3320 242 3372 turn
262 3301 308 3372 ab
322 3302 476 3374 hostium
498 3301 669 3396 praefidio
686 3298 761 3376 fore
773 3303 1029 3397 firspicabatur3
1053 3299 1118 3372 sed

159 3413 310 3486 fortuitu
330 3415 487 3485 oblatam
512 3417 729 3487 occasionem
750 3415 894 3514 egressus
913 3413 1116 3509 aucupaba-

160 3542 231 3594 tur.
260 3524 298 3594 L.
316 3511 464 3596 Plancus
483 3523 624 3612 interim
651 3527 785 3621 legatus
807 3524 900 3618 petit
921 3546 940 3594 a
959 3521 1157 3608 Caesares}¹

104 3695 111 3719 .
161 3637 203 3706 tit
226 3635 290 3704 sibi
313 3633 410 3706 daret
432 3635 636 3708 facultatem
663 3659 746 3706 cum
767 3635 938 3722 ¹Coniidio
962 3621 1128 3730 agendi}
1160 3727 1163 3733 Ι

157 3747 184 3817 fi
212 3739 339 3838 poiset'
357 3747 475 3840 aliqua
502 3745 639 3818 ratione
663 3746 810 3840 perduci
843 3745 887 3815 ad
918 3745 1113 3814 sanitatem.

159 3853 310 3948 ltaque,
341 3853 421 3927 data
441 3853 625 3948 facultate,
641 3854 755 3928 literas
775 3851 984 3939 conscribit,
1006 3849 1039 3926 8c
1060 3866 1122 3919 eat·
