2852 4578
348 363 427 458 284
638 358 1045 446 DEBELLO

344 547 430 605 ‘erat
448 531 689 630 praetergredi
709 583 721 619 ,
752 530 931 604 Labienus
952 525 1218 624 Alteriusque,
1236 537 1325 603 cunr·

355 644 459 715 omni
473 643 637 734 equitatu
651 643 797 738 levique
816 659 993 714 armatura
1012 667 1059 712 ex
1078 640 1208 712 insidiis
1218 639 1327 710 ador-

355 752 405 838 ti,
430 752 563 850 agmini
584 753 659 825 eius
684 769 847 824 extremo
873 753 909 822 se
929 752 1119 838 offerunt,
1141 769 1252 844 atque
1278 773 1326 820 ex

356 861 509 933 collibus
522 860 646 954 primis
664 862 843 933 exslstunt.
862 846 980 966 Queri
995 861 1184 954 postquam
1200 859 1328 930 caesar
1403 897 1405 904 1

355 967 626 1047 animadvertit;
645 969 830 1061 equitibus
852 969 922 1040 luia
945 969 1101 1040 bostium
1121 970 1158 1038 vi
1178 965 1325 1061 opposi-
1403 947 1405 1064 l

356 1061 422 1164 tis,
445 1076 589 1146 sarcinas
610 1078 821 1174 legionarios
843 1078 882 1147 in
901 1099 1072 1148 acervum
1098 1075 1201 1146 iubet
1218 1099 1324 1144 com·

356 1202 525 1281 portare,
554 1199 665 1280 atque
691 1187 852 1258 celeriter
876 1187 972 1285 signa
995 1185 1156 1256 hostibus
1181 1184 1324 1254 inferre.

359 1295 477 1400 Quod
498 1296 689 1398 postquam
713 1313 884 1392 coeptum
908 1295 958 1368 est
978 1298 1080 1384 fieri,
1106 1295 1227 1390 primo
1250 1285 1332 1364 ἱππί

357 1423 447 1500 petu
472 1408 658 1506 legionum
682 1409 863 1502 equitatus
884 1409 920 1481 St
941 1410 1028 1479 levis
1048 1423 1224 1480 armatura
1253 1405 1324 1476 ho·-

358 1515 466 1586 stium
479 1519 585 1588 nullo
594 1519 743 1616 negotio
763 1519 846 1590 loco
868 1517 982 1612 pulla,
1001 1518 1034 1590 lc
1051 1511 1187 1588 deletia
1205 1515 1255 1586 est
1274 1511 1325 1598 de

288 1621 293 1636 '
360 1629 463 1698 tolle.
495 1625 591 1698 Cum
608 1628 680 1699 iam
700 1628 823 1698 Caesar
841 1628 1079 1716 existimallet,
1105 1627 1220 1697 hoster
1240 1625 1327 1718 pul·¹

350 1733 413 1805 'sos
440 1735 700 1833 deterritosque
726 1721 840 1810 fineni
870 1735 1056 1810 lacellendi
1079 1730 1257 1812 facturum
1291 1731 1329 1806 ic

359 1845 430 1916 iter
454 1869 628 1941 coeptum
652 1873 810 1947 pergere·
824 1847 1014 1943 coepillet3
1041 1847 1174 1919 iterum
1200 1842 1326 1916 celeri·

361 1971 418 2026 ter
442 1979 489 2026 ex
507 1958 679 2050 proximis
703 1959 856 2036 collibus
879 1973 1104 2054 erumpunt,
1125 1972 1237 2048 atque
1265 1977 1326 2024 ea·

351 2066 450 2136 -dem
470 2068 633 2154 ratione,
659 2093 732 2162 qua
753 2085 837 2140 ante
862 2068 963 2156 dixi,
983 2068 1022 2137 iu
1042 2063 1193 2137 Caesaris
1213 2063 1326 2162 legio·

288 2253 304 2275 ,
361 2172 478 2245 uarios
502 2175 680 2270 impetum
706 2177 842 2252 faciunt
867 2175 1051 2250 Numidae
1079 2174 1240 2267 levisque
1271 2195 1327 2256 at·

362 2300 550 2374 matutae,
578 2287 732 2358 mirabili
755 2288 945 2359 velocitate
970 2285 1149 2382 praediti,
1176 2284 1240 2377 qui
1267 2281 1327 2354 in·

273 2461 276 2468 ,
362 2408 419 2462 ter
444 2394 582 2486 equites
603 2397 842 2494 pugnabant,
873 2395 906 2468 8c
927 2417 999 2466 una
1015 2395 1220 2490 pariterque
1240 2413 1327 2462 cum

363 2502 548 2595 equitibus
580 2527 760 2577 accurrere
794 2505 827 2575 lc
858 2505 1022 2602 refugere
1058 2501 1329 2574 consueverant·
1388 2529 1393 2541 ·

363 2613 463 2684 Cum
492 2615 563 2684 hoc
589 2614 725 2709 saepius
752 2616 926 2703 facerent,
955 2613 1164 2688 &Iulianos
1182 2611 1328 2706 prolici-

363 2711 498 2790 scentes
509 2721 800 2815 insequereutur,
817 2724 1084 2821 &refugerent,
1103 2723 1229 2792 stantes
1242 2745 1329 2815 pro·

236 2821 245 2838 ⁸
364 2829 446 2922 plur
467 2851 544 2899 non
560 2830 787 2933 accederent,
804 2834 837 2906 8c
856 2833 1018 2930 singulari
1039 2853 1166 2930 genere
1181 2853 1327 2926 pugnae

365 2951 572 3026 uterentur,
594 2963 729 3034 eosque
745 2941 866 3014 iaculis
881 2941 1145 3014 ¹convulnerare
1163 2939 1240 3010 satis
1257 2939 1328 3010 elle

361 3049 624 3137 existimarent3
652 3050 771 3124 Caesar
792 3051 996 3140 intellexit,
1017 3051 1108 3122 nihil
1126 3049 1225 3122 aliud
1244 3049 1329 3120 illos

257 3173 259 3178 '
363 3159 503 3246 conari,
531 3160 594 3232 nilr
615 3177 656 3231 ut
673 3161 708 3230 le
723 3179 910 3258 cogerent,
933 3161 1037 3232 castra
1052 3160 1090 3230 in
1104 3184 1148 3230 eo
1161 3159 1329 3252 locupu-

363 3291 471 3353 nere,
501 3267 566 3337 ubi
590 3268 741 3345 omuino
759 3293 875 3361 aquae
893 3257 983 3338 riihil
1002 3268 1103 3354 ellet;
1125 3277 1175 3340 ut'
1193 3267 1330 3340 exerci-

363 3392 421 3448 tus
445 3375 519 3447 eius
543 3376 704 3466 ieiunus,
730 3377 835 3472 quia
859 3395 985 3471 quarta
1009 3379 1126 3476 vigilia
1144 3401 1261 3470 usque
1279 3374 1327 3446 ad

364 3485 490 3556 horam
508 3504 535 3556 x
550 3485 622 3556 diei
635 3487 725 3557 nihil
741 3486 917 3584 gullallet,
943 3497 983 3558 ac
1001 3489 1164 3558 iumenta
1175 3487 1228 3558 lati
1244 3511 1329 3581 per·

296 3623 346 3699 70
365 3593 469 3666 irent.
493 3594 590 3666 Cum
615 3596 686 3667 iam
709 3597 754 3668 ad
777 3596 856 3666 solis
877 3597 1040 3667 occasum
1061 3595 1168 3683 ellet,
1190 3596 1223 3668 Sc
1248 3619 1327 3667 non

366 3723 463 3777 totos
486 3724 634 3802 centurn
659 3706 771 3801 pallus
797 3708 835 3778 in
856 3709 982 3779 horam
1002 3707 1084 3780 ellet
1105 3708 1329 3807 progressus,

364 3816 531 3912 equitatu
553 3816 619 3891 suo
635 3836 785 3918 propter
807 3841 988 3913 equorum
1003 3817 1189 3893 interitum
1211 3838 1332 3906 extre?
