2852 4578
305 391 380 490 ιιι·
459 379 685 504 ¹gns
733 373 1016 460 sesso·

304 569 463 641 tumque
481 567 685 619 convenere
708 546 843 640 eopiae.
867 545 987 620 Nostri
1004 542 1145 618 brachia
1164 543 1274 640 duone

261 747 267 754 ,
305 685 345 734 re
368 679 575 756 coeperunt.
612 659 807 754 Pompeius
834 681 920 729 cum
946 657 1272 748 animadverteret,

306 772 447 846 castello
469 771 504 842 se
529 767 673 843 ex'tludi
692 767 864 865 Aspavia,
885 768 989 864 quod
1015 770 1064 840 est
1082 771 1128 840 ab
1151 771 1272 844 Ucubi
1316 849 1320 856 ,

200 933 204 944 1
304 884 415 957 millia
437 881 599 978 palluurn
616 900 669 971 v,
688 881 777 954 haec
789 905 841 953 res
853 879 1039 954 netellario
1052 880 1268 974 devocabat,

304 1007 349 1064 ut
371 989 416 1061 ad
442 989 688 1061 dimicandum
716 987 967 1065 descenderet:
995 1012 1123 1082 neque,
1144 1007 1269 1063 tamen

306 1124 425 1193 aequo
445 1101 529 1169 loco
547 1097 600 1168 sui
620 1097 829 1213 potestatem
851 1096 1024 1184 faciebat,
1046 1097 1108 1168 sed
1124 1121 1169 1168 ex
1185 1123 1271 1199 gru·

307 1233 370 1282 rno
394 1211 574 1282 excelsum
595 1199 782 1280 tumulum
804 1208 991 1302 capiebat,
1011 1233 1126 1301 usque
1145 1235 1209 1299 eo,
1225 1225 1270 1282 ut

245 1402 247 1408 ,
306 1321 493 1394 neeeffario
514 1333 711 1419 cogeretur
710 1343 879 1412 rnrquum
893 1322 1016 1390 locum
1028 1317 1156 1390 subire
1181 1321 1270 1424 Quo

305 1431 400 1530 [de]
423 1427 539 1518 fallo,
565 1453 649 1500 curn
671 1443 911 1522 utrorumque
934 1429 1060 1523 copiae
1081 1429 1275 1508 tumulum

230 1617 236 1628 x
308 1543 544 1612 excellentem
567 1536 753 1632 petissent,
768 1539 947 1642 prohibiti
970 1565 990 1610 a
1011 1539 1149 1611 nostris
1148 1539 1269 1628 sunt,

307 1647 509 1740 deiessique
530 1647 687 1742 planitie.
714 1627 841 1752 Quae
837 1671 909 1718 res
919 1648 1120 1721 secundum
1146 1649 1274 1748 nostris

307 1758 480 1831 efficiebat
500 1759 689 1851 proelium
710 1757 891 1880 Undique
909 1776 1031 1832 autem
1057 1759 1271 1833 cedentibus

227 1845 270 1866 ’
307 1867 534 1953 adversariis,
569 1866 678 1937 nostri
697 1889 825 1963 magna
845 1867 883 1936 in
902 1868 1011 1938 caede
1032 1867 1272 1944 versabamus

307 1979 453 2088 Quibus
468 2000 587 2065 mons,
607 2003 682 2049 non
699 1979 829 2064 virtus,
850 1976 953 2048 saluti
973 1977 1066 2050 fuit:
1089 2001 1164 2071 quo
1183 1979 1270 2054 subs

307 2089 396 2164 lidio
413 2107 522 2176 tunc,
544 2087 606 2158 nisr
632 2085 902 2181 advesperallet,
917 2087 1182 2181 apaucioribus
1198 2113 1269 2159 no·

263 2245 270 2260 ·
309 2199 381 2272 ssris
398 2201 499 2271 omni
518 2199 650 2269 anxilio
668 2199 796 2293 privati
812 2183 937 2270 ellent:
961 2219 1045 2268 narn
1059 2196 1270 2270 ceciderunt

307 2309 1269 2406 exleviarmaturacccxxrv,exlegionariiscxxxvrru

202 2425 205 2432 '
305 2435 555 2514 praeterquam
577 2443 843 2512 quorumarma
864 2420 897 2490 8c
917 2418 1027 2512 spolia
1047 2419 1130 2490 lunt
1150 2421 1265 2500 ¹allata·
1371 2455 1376 2468 ·

305 2527 493 2620 Itapridie
507 2548 537 2596 11
555 2528 808 2598 centurionum
837 2527 997 2600 interitio
1022 2528 1087 2598 hac
1108 2527 1267 2600 adversm

244 2653 287 2730 25
306 2639 441 2709 riorum
454 2661 570 2729 poena
586 2640 633 2706 est
645 2637 753 2708 litata.
779 2638 987 2730 Insequenti
1003 2637 1074 2724 die,
1088 2640 1164 2731 pari
1179 2662 1267 2710 con·

230 2779 233 2788 ¹
307 2731 648 2817 suetudinecumail
660 2745 819 2816 eundem
831 2749 954 2816 locum
966 2747 1264 2841 eiuspraefidium'

309 2855 477 2942 millet,
507 2855 739 2956 pristinoillo
766 2857 829 2928 suo
857 2857 1051 2928 utebantur
1076 2855 1264 2930 instituto:

306 2993 392 3072 narn
416 2955 554 3064 praeter
573 2969 709 3061 equites
730 2969 833 3046 nullo
853 2969 934 3040 loco
959 2994 1078 3062 aequo
1103 2970 1138 3042 se
1151 2995 1264 3042 eom*

297 3064 448 3160 ¹mittere
467 3077 659 3150 audebant.
694 3079 787 3152 Curn
809 3080 915 3152 nostri
943 3082 1108 3174 inopere
1130 3082 1262 3170 ellent‚

303 3187 473 3278 equiturn
496 3189 619 3279 co'piae
644 3190 831 3258 concursus
853 3189 966 3260 facere
989 3205 1204 3282 coeperunt:
1223 3190 1265 3260 sr·

260 3336 265 3348 ·
305 3295 460 3385 mulque
482 3295 756 3380 uociferantibus
783 3297 1003 3394 legionariis,
1030 3323 1113 3368 curn
1136 3301 1261 3370 locum

304 3403 554 3500 efflagitarent,
580 3421 620 3476 ut
640 3405 800 3476 consueti
822 3407 960 3498 insequi
974 3406 1169 3478 existimare
1181 3405 1264 3500 pos·

128 3511 139 3524 “
215 3571 224 3592 .
303 3512 400 3598 lent,
425 3513 460 3583 se
485 3515 712 3606 paratillrmos
736 3513 802 3586 elle
818 3515 878 3585 ¹ad
905 3515 1175 3604 dimicandum,
1199 3541 1267 3590 no-

303 3623 372 3695 stti‘
384 3647 429 3693 ex
446 3623 573 3724 humili
595 3627 754 3695 convalle
775 3623 868 3716 bene
887 3627 993 3723 longe
1015 3626 1098 3696 lunt
1117 3625 1264 3723 egresti,

303 3731 508 3824 &planitie
542 3733 723 3825 iniquiore
746 3737 829 3810 loco
856 3735 1099 3807 constiterunt.
1131 3737 1186 3807 llli
1212 3755 1267 3809 ta·

303 3861 388 3911 men
402 3843 529 3934 procul
544 3840 662 3913 dubio
670 3842 718 3914 etl
729 3845 1039 3942 congrediendum
1050 3846 1089 3916 in
1099 3859 1263 3940 aequum
