2876 4572
8 443 10 508 s

8 525 10 610 l

8 657 9 728 l

361 379 372 444 ,τ
472 369 725 446 tritu·
750 373 835 446 rrr.
1030 387 1112 475 ¹r59·

155 529 272 620 sssuls‘·
289 529 343 604 hie
370 517 758 619 rebus-animadversis,
785 551 872 624 ques
893 531 1109 604 demonstra·

159 641 298 728 uimus,
323 640 474 726 timens,
492 664 573 711 nea
592 639 824 712 multitudine
843 641 1007 732 equitum
1022 641 1110 710 dex·
1209 706 1210 715 ,

156 767 259 824 trum·
275 773 388 821 cornu
404 749 738 837 circumveniretur,
773 752 930 822 celeriter
952 774 996 820 ex
1009 751 1129 820 tertia¹
1162 815 1167 826 ,

102 921 104 926 .
158 861 233 934 acie
266 860 413 958 singular
448 860 625 932 cohortes·
642 858 810 946 detraxit,
850 876 959 952 atque
987 885 1032 930 ex
1057 859 1110 928 his

157 987 323 1066 quartam
353 970 527 1057 instituit,
546 971 808 1063 ¹equitatuique
837 969 1028 1063 opposuit,
1057 971 1111 1055 tc,

154 1080 248 1174 quid
268 1081 342 1150 sieri
360 1081 487 1166 vellet,
518 1079 686 1165 ostendit;
701 1079 939 1171 monuitque,
954 1080 1026 1150 eius
1039 1081 1118 1160 diei¹

155 1184 339 1260 victoriam
364 1189 402 1260 in
426 1213 546 1260 earum
564 1190 770 1262 cohortium
792 1191 923 1261 virtute
945 1190 1111 1262 constare.

152 1295 276 1368 Simul
299 1297 421 1369 tertiae
442 1297 527 1370 aciei
548 1299 692 1392 totique
713 1298 883 1370 exercitui
902 1299 1109 1392 imperavit,

156 1433 207 1482 rte
238 1408 366 1482 iniussu
393 1409 457 1480 suo
491 1408 831 1495 concurrerem-se,
860 1433 948 1480 cum·
975 1409 1014 1479 id
1036 1409 1110 1484 fieri

158 1523 290 1608 vellet,
307 1522 441 1593 vexillo
456 1521 594 1618 fignum
609 1519 787 1592 daturum.
807 1519 1011 1590 Exercitum
1025 1543 1108 1590 cum
1125 1526 1175 1619 90

155 1632 302 1704 militari
323 1655 422 1702 more
445 1632 490 1702 ad
512 1655 672 1730 pugnam
691 1632 952 1716 cohortaretur,
977 1630 1111 1722 suaque

158 1740 198 1811 in
213 1765 296 1811 eum
320 1742 485 1834 perpetui
500 1741 669 1834 temporis
685 1741 796 1814 officia
817 1740 1049 1843 praedicaret,
1071 1741 1111 1811 in

8 1865 9 1876 ¹
85 1925 88 1934 ,
159 1851 280 1946 primis
309 1851 625 1938 commemoravit,
664 1852 791 1946 testibus
804 1851 848 1942 se
880 1853 1036 1922 militibus
1059 1853 1111 1934 uti

73 1999 76 2004 ·
157 1959 254 2056 poffe.
279 1961 516 2055 quantostudio
533 1985 646 2058 pacem
663 1957 812 2057 petiffets
840 1984 919 2054 quoe
937 1987 997 2058 per
1023 1961 1112 2030 Vati·

158 2070 251 2138 m'um
278 2071 310 2138 iu
331 2069 512 2164 colloquiis.
537 2093 617 2163 quae
638 2093 697 2164 per
717 2070 755 2135 A.
781 2069 921 2138 Clodium
946 2095 1017 2138 cum
1041 2071 1112 2140 Sri-

155 2181 249 2277 piune
271 2179 401 2273 egiffets
427 2176 537 2274 quibus
561 2179 662 2248 modis
683 2179 727 2253 ud
747 2177 878 2250 Oricum
898 2207 970 2252 cum
992 2183 1113 2254 Libone

162 2287 386 2358 dimittendis
414 2290 530 2382 legatis
554 2289 773 2385 consenuffler:
800 2293 951 2385 nequest
973 2295 1114 2389 unquam

132 2437 135 2444 ·
162 2399 256 2468 abuti
272 2399 410 2470 militum
423 2399 609 2492 sanguine,
635 2423 732 2493 neque
752 2399 976 2495 mtnpullicum
998 2403 1114 2470 ulteru-
1191 2469 1194 2474 ,

163 2523 214 2576 tro
233 2509 379 2576 exercitu
396 2512 523 2604 privare
543 2509 679 2603 uuluzffe.
706 2508 782 2578 Hac
795 2507 912 2578 habita
932 2509 1114 2597 oratione,

100 2627 102 2634 ’
162 2613 435 2708 exposcentibus
461 2617 656 2705 militibus,
684 2613 729 2690 'sc
757 2617 873 2688 studio
898 2643 1039 2717 pugnae
1060 2647 1115 2690 ar·

163 2723 349 2812 dentibuS,
367 2727 454 2796 tuba
467 2725 604 2823 signum
618 2723 727 2796 dedit.
750 2725 829 2796 Erat
840 2728 1013 2800 Crastinus
1027 2755 1111 2801 evo·
1127 2739 1177 2828 9ιῖ

160 2835 323 2912 caruem
343 2836 499 2906 exercitu
525 2835 694 2922 Caesaris,
728 2835 791 2927 qui
815 2837 993 2929 superiore
1016 2865 1111 2912 anno

162 2943 259 3036 apud
290 2967 373 3012 eum
406 2942 564 3035 primum
593 2943 708 3034 pilum
740 2943 777 3012 in
806 2945 945 3040 legione
975 2947 1112 3021 decima

121 3110 128 3122 ,
164 3049 335 3135 duxerat,
355 3049 416 3120 ¹vir
429 3049 590 3146 smgulari
610 3050 751 3122 virtute.
770 3051 861 3138 Hic,
884 3053 980 3147 signo
1002 3056 1113 3144 dato,

162 3158 338 3254 Sequimini
365 3183 433 3232 me,
462 3158 600 3250 inquit,
635 3160 851 3256 manipulares
882 3167 943 3232 mei
966 3168 1022 3257 qui
1035 3165 1114 3262 fui·

150 3267 236 3360 slis,
265 3268 296 3335 ir
323 3267 421 3360 vestro
443 3267 645 3362 imperatori,
676 3292 773 3364 quam
798 3268 1017 3364 coustitussis·.
1043 3297 1113 3369 ope·
1216 3308 1223 3319 ·

162 3399 234 3442 rum
254 3375 335 3444 riute.
366 3373 470 3444 lluum
495 3375 552 3444 lroc
574 3376 730 3472 proelium
739 3374 901 3474 superejlr
925 3403 982 3472 quo
1006 3377 1112 3476 coufe-

160 3487 232 3557 rto.
258 3486 289 3554 u
313 3481 472 3578 illustram
491 3484 702 3581 dignitatem.
731 3487 761 3552 ir
790 3511 845 3555 nos
863 3489 998 3582 nostram
1019 3493 1111 3560 liber·

166 3609 267 3661 tatem
286 3595 547 3690 recuperabimus.
565 3590 681 3662 Simul
705 3595 887 3686 respiciens
913 3599 1111 3685 Caesarem,
1143 3633 1147 3642 ⁴

165 3699 319 3774 Faciam.
334 3701 474 3792 inquit,
490 3702 596 3775 lodie,
618 3705 807 3800 imperator.
834 3724 871 3775 ut
888 3725 945 3774 aut
967 3707 1035 3777 vivo
1052 3707 1112 3774 rm'·

167 3809 231 3908 ti,
249 3827 306 3880 out
324 3815 448 3886 mortuo
466 3817 598 3912 gratior
614 3839 703 3909 agur.
718 3815 828 3886 ”Haec
849 3839 935 3886 cum
954 3809 1111 3905 dixisset,
