2876 4572
359 383 410 404 ··
473 355 837 436 irruitur
1034 371 1142 464 ψ

164 517 284 613 fetat,
308 521 341 595 lc
366 525 497 612 altera,
518 549 629 618 quam
646 530 692 596 ex
705 522 876 595 Achaia-a
900 523 947 631 Q.
965 524 1070 596 Fusio
1088 528 1141 598 le·'
1198 546 1199 550 ’

166 653 256 731 gato
280 653 503 720 evocaverat,
526 635 921 727 equitibusquebccc,
943 633 1141 709 &navibus

166 743 289 839 longis
304 743 449 813 Rhodiis
463 764 502 826 x,
517 744 550 816 8c
565 742 718 816 Asiaticis
731 743 870 836 paucis,
886 741 1139 818 Alexandriam

166 852 349 944 pervenit.
376 854 420 921 ln
442 853 494 922 his
516 869 615 933 erant
635 851 836 947 legionibus
856 851 1049 920 hominurn
1074 853 1139 922 tria

165 962 285 1032 millia
309 982 354 1031 cc
371 993 378 1031 ι
396 963 549 1054 reliqui,
574 959 783 1033 vulneribus
802 985 848 1031 ex
871 960 1014 1052 proeliis
1037 959 1070 1031 8c
1090 961 1139 1030 la·

115 1153 124 1172 ι
166 1070 327 1140 boreae
353 1069 602 1167 magnitudine
620 1069 753 1139 itineris
771 1063 941 1154 cousesli,
966 1066 1138 1163 consequi
1248 1138 1251 1148 ,

164 1203 249 1252 non
276 1197 478 1274 potuerant.
522 1180 592 1252 Sed
614 1179 759 1267 Caesar,
788 1179 940 1250 confisos
963 1169 1055 1250 fame
1082 1203 1139 1249 re·
1247 1227 1250 1236 r

111 1347 115 1352 -
164 1315 254 1378 rum
284 1283 485 1387 gestatum,
517 1291 665 1362 infirmis
694 1289 832 1361 auxiliis
854 1289 1026 1383 proficisci
1059 1311 1137 1361 non

165 1397 427 1486 dubitaverat,
454 1413 564 1490 atque
593 1422 742 1468 omnem
768 1396 832 1468 srbi
862 1399 985 1468 locum
1011 1415 1138 1474 tutum

164 1507 249 1578 fore
270 1497 501 1579 existimabat·
529 1508 764 1579 Alexandriae
786 1507 831 1578 de
851 1507 1016 1600 Pompeii
1040 1531 1138 1580 mor·

164 1636 206 1690 te
228 1618 429 1716 cognoscit:
456 1636 566 1712 atque
579 1619 630 1690 ibi
642 1619 800 1712 primurn
818 1643 838 1689 e
855 1617 937 1690 navi
955 1609 1136 1715 egredieris
1211 1659 1218 1674 a

51 1731 55 1742 '
164 1730 365 1812 clamorem
388 1729 552 1800 ,militum
580 1728 701 1817 audit,
730 1753 821 1822 quos
846 1749 909 1798 rex
931 1727 968 1796 in
995 1726 1136 1820 oppido

46 1839 50 1849 ’
113 1895 117 1904 .
163 1839 330 1934 praefidii
363 1841 461 1910 causa
493 1834 714 1931 reliquerat,
742 1837 775 1910 8c
799 1837 1010 1910 concursum
1029 1836 1075 1907 ad
1100 1836 1136 1908 se
1176 1911 1181 1918 ,

163 1947 247 2019 fieri
272 1948 400 2036 videt,
433 1948 536 2041 quod
563 1947 667 2020 fasces
694 1946 961 2018 anteferrentur.
994 1945 1037 2015 In
1065 1946 1136 2017 hoe

164 2060 287 2132 omnis
307 2059 508 2130 multitudo
529 2057 745 2128 maiestatem
762 2055 892 2152 regiam
907 2054 1024 2128 minui
1042 2079 1138 2149 prae·

166 2169 324 2242 dicabat.
351 2170 432 2239 Hoc
445 2168 566 2239 sedato
588 2169 772 2253 tumultu,
795 2166 937 2237 crebrae
954 2164 1138 2236 continuio

166 2276 301 2348 diebus
333 2301 379 2347 ex
406 2276 580 2360 concursu
611 2273 853 2344 multitudinis
880 2261 1136 2347 concitationes

164 2387 325 2476 fiebant,
358 2389 635 2482 compluresque
661 2385 790 2456 milites
812 2386 916 2458 huius
943 2386 1039 2456 urbis
1058 2411 1137 2457 om·

164 2496 279 2567 nibus
307 2497 467 2590 partibus
498 2495 813 2566 interficiebantur·
851 2493 997 2598 Quibus
1028 2493 1135 2565 rebor
1157 2515 1227 2595 102

117 2659 119 2664 -
165 2605 440 2692 animadversrs,
464 2606 622 2702 legiones
642 2604 706 2674 fibi
727 2603 808 2673 alias
838 2627 884 2674 ex
902 2600 1134 2680 Asiaadduci

10 2701 12 2710 ’
164 2713 284 2800 iullrt,
302 2737 389 2806 quas
409 2737 455 2792 ex
474 2710 698 2808 Pompeianis
724 2711 898 2783 militibus
914 2709 1130 2800 confecerat:

166 2821 244 2916 ipse
261 2823 361 2894 'enim
383 2820 568 2894 necessario
597 2821 706 2894 etesiis
723 2821 929 2908 tenebatur,
949 2820 1013 2913 qui
1026 2818 1136 2890 Alex·

118 3005 122 3014 ,
166 2931 294 3002 andria
320 2932 567 3028 navigantibus
590 2929 673 3002 sunt
695 2929 913 3006 adverfiffimi
940 2931 1047 3000 venti.
1076 2929 1135 2998 In·

164 3039 276 3113 terim
303 3041 555 3109 controversias
576 3061 703 3134 regum
727 3037 772 3107 ad
785 3038 1134 3129 ‹populumRoma-

148 3171 261 3234 'num
285 3145 317 3218 8c
336 3146 382 3216 ad
401 3146 456 3232 se,
483 3147 587 3238 quod
603 3145 685 3220 esset
703 3148 847 3234 consul,
866 3148 1042 3238 pertinere
1057 3149 1133 3218 exi·
1217 3212 1233 3249 Ι.

165 3257 328 3346 stimans,
357 3271 467 3348 atque
491 3257 662 3364 evnagis
687 3258 802 3328 officio
823 3257 886 3328 suo
911 3255 1132 3347 convenire,
1217 3277 1223 3384 q

165 3365 272 3461 quod
292 3365 472 3459 superiore
495 3365 681 3437 consulatu
701 3391 786 3440 cum
811 3367 1130 3460 patre-Ptolemaeo

166 3475 296 3572 &lege
319 3474 400 3546 &S
414 3475 455 3545 C.
479 3476 620 3546 societas
644 3495 717 3552 erat
738 3472 845 3564 sasia3
876 3478 1049 3566 ostendit,
1064 3477 1132 3548 srbi
1240 3493 1248 3504 ¹

120 3635 124 3642 .
165 3586 330 3677 placere,
351 3609 471 3682 regern
494 3576 742 3660 Ptolemaeum
762 3604 871 3681 atque
884 3588 1039 3660 sororem
1054 3585 1130 3659 eius

116 3771 118 3776 ,
165 3691 394 3786 Cleopatram
403 3699 596 3794 exercitus,
620 3722 711 3792 quos
728 3701 917 3786 haberent,
932 3695 1131 3790 dimitlere,

161 3799 199 3879 sc
223 3800 269 3876 de
291 3798 532 3884 controverfiis
557 3808 633 3883 iure
654 3809 754 3906 apud
767 3808 950 3919 'seperius
965 3807 994 3898 ·,'
1016 3829 1128 3903 quam
