2876 4572
318 341 393 492 ¹ut
561 317 842 454 Dentato
881 327 1077 450 crvier

321 537 375 614 'mi
396 533 618 608 fortitudine.
654 533 807 608 Tirones
830 537 942 626 enim,
970 535 1206 611 multitudine
1225 544 1288 609 nai-¹

323 651 425 726 vium
438 649 642 752 perterriti,
667 648 700 728 ac
725 647 796 720 salo
813 649 1014 743 narrseaque
1034 643 1206 738 confedi,
1227 651 1285 720 iu·

306 755 512 846 ¹reiurando
525 779 702 854 accepto,
726 759 817 832 nihil
836 761 876 830 iis
894 761 1076 833 nocituros
1097 760 1230 847 hostes,
1248 759 1285 834 se

211 919 213 926 ,
320 876 478 950 Otacilio
499 873 740 954 dediderunt:
766 874 832 968 qui
856 897 1001 961 omnes,
1021 872 1066 944 ad
1088 897 1171 944 eum
1196 899 1283 968 pro·-

321 979 568 1071 duelisscontra
587 981 796 1081 religionem
812 977 1036 1055 iurisiurandi
1050 982 1089 1050 in
1108 983 1182 1054 eius
1195 1006 1284 1054 con-

319 1089 440 1186 speetu
465 1089 696 1164 crudeliffime
722 1091 993 1166 interficiuntur.
1027 1090 1077 1162 At
1098 1107 1284 1165 veteranae

319 1203 469 1300 legionis
485 1203 630 1304 milites,
654 1201 741 1272 item
760 1195 954 1272 conflidiati
971 1199 1003 1272 8t
1018 1203 1230 1295 tempestatis
1247 1203 1281 1275 8c

319 1312 477 1389 sentinae
498 1312 613 1396 vitiis,
631 1335 753 1404 neque
777 1335 823 1380 ex
841 1311 982 1404 pristina
1005 1312 1138 1384 virtute
1159 1309 1282 1381 remite

281 1417 287 1428 '‘
319 1423 474 1495 tendum
488 1421 627 1514 aliquid
642 1437 880 1515 putaverunt3
904 1419 978 1510 sed,
993 1417 1180 1492 tradendis
1198 1442 1283 1490 con·

318 1531 517 1603 ditionibus
537 1531 810 1604 &fimulatione
824 1533 1015 1604 deditionis
1035 1550 1094 1604 ext
1081 1528 1190 1604 trallo
1207 1531 1280 1626 pri

315 1663 381 1712 mo
408 1635 520 1712 noblis
548 1631 739 1736 ternpore,
777 1641 1093 1738 gubernatorem
1084 1666 1122 1711 an
1150 1655 1279 1712 terram

315 1773 448 1828 navem
464 1752 587 1828 eiicere
601 1769 755 1850 cogunt3
762 1751 859 1845 i'plu
882 1753 1058 1824 idoneum
1082 1753 1205 1823 locum
1220 1774 1281 1820 na

314 1859 386 1953 eti,
415 1863 590 1956 reliquam
611 1857 723 1932 noblis
745 1879 882 1956 partem
903 1861 955 1932 ibi
977 1861 1226 1945 confecerunt,
1246 1857 1280 1932 8c

314 1969 401 2046 luce
419 1971 553 2070 prima,
573 1970 677 2040 millis
693 1969 737 2040 ad
759 1967 821 2042 eos
838 1972 884 2042 ab
903 1971 1059 2066 Otacilio
1080 1967 1280 2062 equitibus,

226 2097 235 2113 ‘
314 2082 383 2176 qui
403 2105 480 2154 eam
500 2097 639 2174 partem
661 2101 742 2156 orae
763 2080 959 2150 maritimae
972 2077 1202 2164 asservabant,
1216 2077 1280 2146 cit·

315 2195 402 2268 citet
420 2214 492 2280 cn,
519 2194 658 2286 quique
679 2219 738 2264 eos
759 2193 882 2264 armati
907 2217 951 2264 ex
973 2191 1146 2285 praesidio
1168 2189 1277 2261 secuti

177 2383 182 2389 ⁸
315 2301 415 2388 sunt,
436 2305 469 2372 se
483 2301 744 2390 defenderunt,
765 2304 797 2376 8c
821 2303 1005 2374 nonnullis
1025 2325 1150 2373 eorum
1170 2299 1278 2368 inter·

249 2421 300 2507 29
315 2409 547 2502 fenis,1ncol
550 2435 648 2482 umes
669 2411 703 2482 se
723 2411 769 2481 ad
790 2409 924 2483 nostros
941 2425 1172 2534 receperunt·
1187 2408 1276 2530 Quo

312 2517 428 2610 fallio,
448 2537 647 2594 conventus
665 2521 799 2594 civium
817 2501 1085 2608 Romanorum,
1111 2519 1176 2612 qui
1200 2515 1276 2588 Lis-

313 2634 394 2704 {um
415 2631 651 2720 obtinebant,
681 2629 783 2726 quod
808 2631 1030 2728 oppidum”
1008 2655 1047 2702 us
1067 2648 1168 2701 antea
1186 2627 1276 2700 Cae·

312 2741 365 2822 lar
386 2743 613 2830 attribuerat,
638 2741 957 2834 muniendumque
979 2759 1175 2828 curaverat,
1203 2740 1277 2810 Au·

312 2855 459 2930 tunium
474 2858 633 2948 recepit,
656 2852 900 2944 omnibusque
922 2849 1027 2922 rebus
1050 2849 1150 2922 iuvit.
1182 2849 1275 2920 Ota«

312 2963 434 3049 cilius,
461 2960 526 3036 fibi
549 2961 702 3048 timens,
733 2959 871 3053 oppido
899 2958 1008 3056 fugit,
1038 2959 1071 3032 8c
1097 2959 1142 3029 ad
1164 2959 1277 3030 Pom·

242 3147 246 3152 ,
305 3071 439 3166 ,Ρεὶυῐη
453 3071 625 3164 pervenit.
655 3067 830 3164 Exposrtis'
846 3069 956 3163 copiis
973 3069 1165 3155 Antonius,
1192 3092 1280 3160 qua·

281 3196 284 3207 ⁴
313 3203 397 3252 turn
419 3193 492 3250 erat
510 3179 648 3255 summa
667 3196 914 3252 veteranarum
938 3177 1047 3251 trium
1068 3179 1279 3275 legionum,

311 3287 493 3380 uniusque
513 3287 693 3376 tironum,
714 3287 928 3382 &equitum
953 3307 1069 3377 Dece,
1092 3290 1279 3382 plerasque

202 3443 203 3448 κ
313 3415 420 3466 naves
437 3395 473 3469 in
491 3394 625 3468 Italiam
639 3395 791 3468 remittit
804 3395 849 3466 ad
862 3397 1017 3489 reliquos
1030 3394 1157 3468 milites
1176 3397 1278 3490 equi·

312 3511 447 3597 resque·
462 3508 776 3602 transportandosr
799 3526 997 3602 pontones,
1025 3507 1126 3602 quod
1151 3508 1198 3580 est
1219 3533 1279 3606 ge·
1359 3597 1362 3602 Ι

311 3637 381 3688 nus
391 3612 537 3688 navium
550 3617 778 3707 Gallicarum,
797 3620 875 3692 Liffi
895 3619 1081 3712 relinquit,
1098 3621 1168 3692 hoc
1185 3645 1276 3692 con·

310 3721 407 3810 filio,
433 3742 475 3796 ut
494 3726 521 3810 sr,
539 3725 631 3798 forte
652 3727 865 3821 Pompeius,
897 3752 1045 3800 vacuam
1076 3729 1275 3802 existimans

298 3829 473 3925 ltaliam,
494 3859 538 3908 eo
557 3836 780 3912 transiecillet
795 3839 1011 3928 exercitum,
1033 3863 1126 3934 quae
1148 3839 1274 3936 opinio
